2817 4859
257 357 321 440 ,ῃ
460 345 1076 424 tuscumntsruusrruuust

261 507 426 592 insolenti
442 513 623 591 alacritate
636 513 764 612 gestire
782 537 854 586 non
873 511 986 586 finsti
1026 507 1294 598 -Hoeceffiuere

205 705 209 716 Ι
256 618 429 692 virtutem
443 615 679 700 ostenderem,
695 610 758 686 nifi
775 609 1014 713 superioribus
1030 608 1159 690 diebus
1177 610 1294 698 effent

258 741 308 790 ex
333 714 450 788 licata.
1116 755 1120 760 -
1282 751 1286 760 ·

348 814 394 888 V.
410 827 428 861 ¹
439 813 560 909 Atque
573 837 660 888 curn
674 809 957 910 perturbationes
974 807 1084 885 animi
1101 807 1295 896 miseriam,

256 911 454 990 sedationes
472 931 606 1002 autem,
622 912 733 986 vitam
759 908 918 984 efficiant
943 909 1107 982 beatam:
1133 907 1295 1004 duplex,

259 1035 332 1110 que
349 1010 439 1086 ratio
455 1008 731 1108 perturbationis
755 1009 813 1098 stt,
837 1009 938 1105 quod
961 1005 1140 1106 aegritudo
1161 1026 1198 1078 et
1215 1030 1298 1078 me·

259 1129 317 1186 tus
348 1111 386 1184 in
413 1110 515 1184 malis
542 1108 723 1208 opinatis:
752 1107 790 1182 in
822 1109 1001 1182 bonomm
1028 1123 1150 1180 autem
1173 1124 1297 1180 erroro

257 1209 415 1284 rtaetitia
448 1205 600 1308 gestiens
632 1206 819 1306 libidoque
851 1206 1059 1290 versentur;
1093 1227 1179 1277 cum
1210 1205 1295 1278 haec

258 1308 381 1382 omnia
410 1305 675 1384 cumconsilio
708 1323 746 1380 et
779 1305 913 1380 ratione
941 1321 1128 1404 pugnents
1163 1302 1225 1376 his·
1252 1322 1297 1378 tu

256 1425 332 1482 tam
348 1404 517 1506 gravibus
539 1403 841 1484 concitationibus
866 1424 1011 1502 tamque
1037 1401 1119 1500 ipfis
1146 1399 1240 1476 inter
1259 1401 1296 1476 se

257 1503 545 1580 diffentientibus
569 1523 677 1602 atque
699 1501 890 1586 distractis,
915 1527 1025 1600 quem
1041 1525 1208 1588 vacuum,
1232 1501 1296 1576 so·

257 1605 390 1695 lutum,
406 1603 562 1680 liberum
576 1601 725 1692 videris,
740 1603 838 1680 hunc
864 1599 1045 1676 dubitabis
1071 1602 1214 1675 beatum
1231 1599 1297 1674 di*

258 1725 339 1778 cere
356 1706 369 1778 i
414 1701 529 1800 Atqui
548 1703 694 1801 Sapiens
710 1703 848 1799 semper
863 1700 913 1776 ita
928 1699 1078 1774 affedtus
1094 1700 1170 1773 est:
1198 1699 1295 1772 sem⁴

305 1827 321 1875 r
337 1800 451 1902 igitur
466 1799 611 1901 Sapiens
627 1803 751 1876 beatus
767 1800 830 1874 est.
881 1814 896 1846 ²
912 1801 1034 1898 Atque
1056 1797 1163 1872 etiam
1178 1819 1295 1872 omns

255 1825 397 1980 iinum
411 1901 566 1976 laetabile
581 1901 658 1976 est:
684 1901 785 1998 quod
809 1913 928 1974 autern
951 1898 1118 1984 laetabile,
1144 1898 1182 1970 id
1199 1922 1296 1995 prae-

257 1997 453 2074 dicandum
478 2018 515 2079 et
540 2023 616 2098 prae
639 1999 674 2074 se
700 1999 914 2073 serendum:
941 1997 1041 2094 quod
1066 1997 1134 2070 tale
1156 2014 1294 2088 autem,

255 2096 296 2180 id
319 2097 429 2195 etiam
453 2097 674 2196 gloriosum:
700 2097 729 2175 fi
751 2121 838 2190 yero
862 2095 1071 2194 gloriosum,
1087 2113 1184 2168 certe
1210 2097 1294 2173 lau-

183 2211 189 2232 ·
254 2193 401 2270 dabile:
427 2199 527 2296 quod
552 2195 730 2270 laudabile
755 2213 888 2285 autem,
905 2195 1072 2308 profecto
1096 2193 1205 2268 etiam
1223 2195 1292 2268 ho-

255 2295 424 2371 nestum:
460 2298 562 2393 quod
589 2295 728 2370 bonum
762 2292 883 2394 igitur,
912 2296 951 2368 rd
982 2293 1185 2368 honestum.
1237 2295 1294 2378 At

254 2419 341 2492 quae
365 2393 421 2468 isti
450 2396 547 2468 bona
573 2395 775 2484 numerant,
795 2413 841 2466 ne
869 2393 934 2492 ipsr
961 2391 1110 2490 quidem
1139 2391 1294 2480 honesta

254 2492 408 2566 dicunt:
434 2493 551 2568 solum
574 2493 684 2592 igitur
710 2493 859 2579 bonurn,
876 2493 975 2590 quod
1000 2489 1214 2566 honestum:
1242 2508 1293 2564 err

253 2617 330 2688 quo
353 2592 522 2676 efficitur,
547 2591 732 2666 honestate
758 2615 829 2664 una
856 2589 969 2664 vitam
997 2589 1172 2664 contineri
1202 2591 1291 2678 bea<

253 2705 340 2764 tam.
392 2691 481 2764 Non
504 2690 584 2764 sunt
601 2689 712 2788 igitur
728 2715 770 2764 ea
787 2691 882 2766 bona
898 2689 1051 2763 dicenda
1065 2713 1132 2764 nec
1152 2691 1292 2764 haben-
1400 2759 1405 2768 .

252 2787 313 2878 da,
329 2785 462 2885 quibus
479 2789 721 2864 abundantem
738 2790 824 2862 licet
839 2789 910 2862 etse
934 2787 1182 2863 miserrimum.
1226 2790 1290 2876 An'

252 2886 408 2977 dubitas,
425 2887 516 2987 quin
540 2889 735 2986 'praestans
751 2887 967 2974 valetudine,
984 2885 1131 2976 viribus,
1157 2887 1289 2978 forma,

251 2985 433 3064 acerrimis
461 2985 769 3088 integerrimisque
800 2986 974 3074 senfibus,
1003 2985 1095 3062 adde
1123 2985 1292 3075 etiamst,

289 3260 305 3291 ⁸
323 3253 421 3330 Atque
429 3269 487 3311 cum
515 3252 748 3314 marturianen-
792 3255 888 3330 Vatic.
915 3248 1070 3332 pumimus¹
1093 3263 1122 3311 et
1147 3253 1291 3312 veteribus

248 3332 312 3393 ssimi
345 3268 516 3407 miseriamf
535 3336 642 3412 Vulgo,
668 3337 744 3413 atqui
791 3337 886 3394 editis.
912 3337 961 3395 Cl.
974 3345 1069 3394 autem
1081 3335 1229 3393 bentleius
1250 3338 1289 3393 le-

247 3433 308 3476 ctra
330 3413 532 3492 pmurbdtioncs
561 3416 642 3475 anim
669 3417 743 3494 str'ss·
790 3415 846 3494 git,
860 3415 1071 3493 letitiagastr'mr
1084 3413 1289 3502 libiorum·

247 3515 317 3556 rant.
343 3495 508 3554 Redievero
517 3495 564 3554 Cl.
579 3497 740 3556 Bentleiust
779 3497 881 3574 statur,
895 3515 960 3572 quae
971 3497 1056 3554 omnia
1070 3500 1121 3556 &u

248 3595 318 3636 nam
332 3575 455 3653 primam
469 3596 567 3634 vooem
582 3578 745 3635 ficesbibet
829 3585 843 3612 ²
864 3579 962 3652 Atque
984 3576 1060 3634 etiam
1083 3593 1156 3634 omre
1177 3559 1284 3654 ὅρκῳ]

247 3656 368 3718 Petrens.
381 3657 516 3716 ultimam
530 3676 592 3718 sero
607 3658 681 3736 Reg.
695 3658 742 3716 Pi·
789 3655 895 3734 Vulgo,
904 3657 988 3736 otqui.
998 3656 1184 3727 Aradionem,
1195 3677 1285 3734 quam

246 3739 357 3798 uoean.
370 3737 493 3796 etMed.
788 3737 898 3804 damus,
906 3737 1041 3814 efflagitat
1050 3737 1196 3812 sententia,
1206 3739 1283 3810 ¹Esus

256 3871 261 3880 ,
288 3827 304 3865 Υ
334 3816 446 3876 Latitia
473 3818 582 3894 gestiens
615 3817 743 3898 libidoque
788 3819 921 3876 exhibent
935 3819 1009 3893 Reg.
1023 3818 1163 3876 Pitboean.
1184 3828 1215 3875 et
1235 3819 1288 3896 Ρς·Ι

246 3897 388 3964 versentur
397 3923 413 3968 3·
442 3917 501 3955 cum
538 3899 598 3956 brec
630 3898 739 3974 omorio]
788 3897 872 3956 ttons.
901 3917 953 3957 nec
976 3897 1057 3956 aliter
1081 3897 1235 3956 Manutius
1256 3907 1290 3958 et

197 4024 201 4028 Α
245 3975 351 4052 volgo.
363 3980 487 4056 versetur,
500 3977 665 4038 marmania.
694 3981 742 4036 At
789 3979 947 4036 Lambinus
959 3979 1114 4036 edidensnt.
1283 4031 1289 4042 ,

244 4074 311 4112 vero
329 4072 462 4134 pronomen
485 4060 609 4126 orationi
630 4059 740 4135 prorsus
829 4055 1281 4135 *Pastum—pernicitatem]

244 4135 282 4194 est
292 4137 480 4200 noeettsrium,
502 4139 566 4198 Nos
577 4139 742 4217 igitursts.
789 4139 901 4201 Laudat
915 4139 1030 4198 Nonius
1043 4138 1072 4197 in
1082 4139 1270 4216 pernicitatem.
1381 4171 1389 4184 ν
