2817 4859
290 342 350 405 400
556 324 845 389 AMICISSIMO
869 320 1043 387 JUVENI

290 526 357 575 rem
371 526 410 569 ea
422 504 539 569 chartis
552 503 764 583 committere,
779 524 844 591 quo
865 525 941 569 curn
963 500 1026 567 tuis
1042 499 1112 587 jam
1133 522 1219 566 nunc
1232 503 1319 565 Ver·

289 622 437 673 murnum
464 606 645 693 lariumque
671 606 885 693 spectantibus
911 626 977 669 una
1002 602 1184 667 ederentur.
1228 602 1318 691 Quid

289 708 413 777 multa?
436 709 614 797 persuasisti,
629 707 817 795 impetrastir
834 706 1004 793 presertim
1019 704 1128 769 oblato
1142 705 1209 791 ipso
1223 705 1318 783 libro,

288 836 387 901 quem
411 812 636 878 Norvic'enlcm
661 810 812 899 appellas,
839 811 929 896 crrjua
998 808 1116 897 gulun‘e
1141 808 1317 896 prestantia

283 912 425 1002 jamdiu
445 912 524 979 mihi
545 912 675 1000 cognita
695 926 763 977 erat
785 924 880 999 atque
900 932 940 998 pe
1003 964 1007 973 .
1051 937 1060 975 ε
1082 910 1201 998 quippe
1218 932 1317 997 quem

289 1016 356 1103 ipse
368 1016 446 1081 olim
458 1015 638 1079 adolescens
652 1014 710 1077 srtu
725 1028 758 1077 et
772 1012 899 1099 pulvere
920 978 1096 1077 delormem
1120 1034 1160 1075 ex
1180 1008 1317 1075 officinm

288 1119 437 1185 librariae
450 1117 570 1203 angulo
583 1116 732 1203 protraxi,
747 1127 784 1179 ut
799 1112 840 1205 ad
854 1112 1049 1177 illustriorem
1070 1112 1179 1177 locum
1202 1112 1315 1175 beatrn

289 1216 498 1295 concederet3
529 1214 773 1293 Bibliothecarn,
801 1212 886 1291 dico,
912 1212 980 1276 Viri
1009 1212 1122 1276 summi
1149 1213 1316 1277 Jornnrs

288 1320 398 1385 Moru
421 1316 568 1403 Episcopi
593 1315 734 1395 Elienfir,
760 1336 824 1401 quo
848 1311 1000 1401 quicquid
1022 1314 1140 1400 ubique
1161 1312 1316 1379 librorum

283 1420 333 1509 ⁸cst
346 1420 401 1485 seu
413 1417 556 1483 bonitate
569 1417 622 1481 seu
642 1416 769 1481 raritate
789 1414 1049 1479 commendatum
1071 1414 1155 1500 quasi
1177 1414 1264 1479 ultro
1283 1428 1318 1480 et

289 1520 402 1607 sponte
422 1519 476 1583 sua
488 1518 669 1582 confluxisse
682 1516 835 1581 videatur.
880 1516 1043 1581 Cretemm
1057 1514 1185 1595 eodem,
1199 1539 1264 1603 quo
1280 1530 1317 1581 tu

290 1644 378 1687 nunc
391 1607 522 1698 frueris,
545 1617 756 1685 humanisfimi
779 1616 966 1683 Maecenatis
991 1617 1157 1696 beneficio,
1175 1618 1316 1683 eundem

290 1723 378 1789 hunc
402 1721 547 1787 codicem
566 1742 665 1785 annos
688 1718 809 1806 aliquot
829 1720 935 1783 secum
958 1718 1068 1783 habuit
1090 1718 1315 1785 celeberrimus

289 1822 433 1891 Graevius
451 1822 643 1907 ὀμαωρὶτης,
657 1842 677 1883 a
692 1818 783 1907 cujus
797 1818 886 1885 obitu
907 1819 1000 1885 bonis
1021 1818 1134 1884 Literis
1149 1842 1240 1909 pane
1263 1822 1317 1886 fu-

290 1926 377 1991 nesto
397 1922 438 1988 ad
450 1922 530 1987 lares
542 1921 688 2008 antiquos
702 1920 801 1985 salvus
818 1922 1041 1987 revertebatur.
1086 1922 1186 1987 Quod
1202 1924 1222 1986 fi
1237 1924 1319 1989 Viro

286 2024 465 2091 doctiffimo
486 2038 520 2087 et
541 2022 622 2087 mihi
641 2022 721 2087 dum
743 2022 804 2087 fuit
818 2022 998 2087 amicissimo
1012 2022 1076 2087 vita
1088 2022 1216 2110 longior
1228 2024 1315 2089 obti-

287 2126 394 2215 gisset,
405 2138 444 2190 ut
465 2124 534 2189 hac
549 2123 714 2189 Ciceronis
736 2124 954 2211 Philosophica
974 2124 1119 2211 parique
1134 2139 1247 2191 cetera
1261 2128 1315 2191 ni·

289 2242 360 2293 tore
373 2226 574 2313 proserrctin'
587 2216 693 2290 lucem
705 2252 715 2306 3
738 2224 843 2308 aliam,
859 2226 984 2311 opinor,
1003 2227 1149 2291 arborem
1171 2226 1227 2292 tibi
1249 2228 1315 2293 ho-

286 2328 342 2395 dic
361 2327 607 2395 concutiendam
627 2328 720 2393 facile
740 2326 929 2393 credidisses.
971 2330 1104 2407 venam,
1118 2330 1268 2395 curn-ille
1280 2332 1313 2395 in

288 2430 395 2497 medio
408 2430 513 2518 operia
525 2430 607 2493 cliro
627 2429 768 2494 sublatus
788 2430 830 2493 est
844 2452 863 2493 e
875 2430 975 2503 rebus·
992 2429 1151 2511 humanis,
1169 2430 1215 2495 'l'u
1236 2414 1313 2496 nunc

288 2534 346 2596 eris
359 2533 437 2597 aller
450 2532 491 2595 ab
505 2530 579 2607 illo3
602 2544 640 2595 tu
654 2530 750 2595 telam
773 2532 814 2595 ab
833 2553 872 2596 eo
894 2531 1077 2596 inchoatam
1091 2532 1228 2599 feliciter
1239 2556 1312 2621 per-

287 2648 396 2699 texee:
418 2656 515 2719 quarn
535 2632 576 2696 ad
598 2654 666 2697 rem
687 2654 753 2697 non
777 2632 997 2718 penitendum
1019 2634 1077 2699 tibi
1098 2635 1266 2701 subsrdium
1279 2639 1311 2703 in

287 2734 478 2821 mnscripm
492 2747 549 2797 tuo
563 2735 709 2821 paratum
729 2734 784 2799 est.
828 2735 934 2823 Hujus
948 2735 1047 2822 igitur
1060 2749 1125 2800 tam
1141 2738 1311 2825 prestantia

286 2833 473 2923 exemplaris
490 2835 648 2922 pastione,
664 2857 730 2899 non
752 2834 878 2901 difficile
896 2836 953 2901 tibi
977 2835 1050 2914 sirit,
1065 2858 1131 2923 quo
1150 2860 1203 2903 me
1217 2840 1310 2904 vellen

286 2936 470 3025 perducere.
512 2934 576 3001 Sed
590 2959 640 3001 na
654 2951 691 3000 tu
704 2934 852 3023 ingenue
867 2934 1072 3023 simplicitatis
1085 2952 1183 3024 arque
1197 2939 1311 3005 iudom

286 3059 353 3103 non
366 3037 502 3123 vulgaria
516 3038 579 3101 hoc
592 3036 749 3121 specimen
763 3036 896 3101 edidisti.
939 3039 1067 3127 Quotus
1079 3039 1168 3105 enim
1182 3042 1308 3128 quisque

284 3138 341 3215 cst,
352 3153 391 3203 ut
403 3160 490 3203 nunc
503 3139 576 3203 sunt
589 3160 706 3217 mores,
719 3138 774 3225 qui
787 3138 821 3205 id
831 3138 935 3225 ipsum
949 3138 1037 3225 quod
1051 3153 1086 3205 tu
1100 3163 1184 3221 oras,
1197 3143 1306 3221 ambis,

285 3260 351 3308 non
363 3238 397 3303 in
411 3238 613 3303 contumeliae
624 3250 658 3302 et
671 3238 817 3305 maleficii
828 3240 900 3307 lo'co
914 3244 1071 3327 poneret?
1116 3245 1234 3331 Ecquis
1247 3245 1306 3309 ho·

284 3362 357 3406 mm
371 3338 550 3418 homiuum,
563 3339 619 3426 qui
634 3362 719 3407 nunc
731 3340 837 3407 literas
851 3344 998 3423 tractant,
1014 3366 1107 3431 aequo
1120 3348 1228 3414 animo
1243 3348 1302 3413 fer-

280 3454 344 3523 ret,
363 3465 428 3507 non
453 3442 526 3507 dico
550 3442 667 3529 corrigi
687 3458 745 3509 aut
766 3444 994 3533 castigaris-sed
1015 3448 1063 3511 vel
1079 3448 1198 3515 'doceri
1217 3452 1299 3538 quic·

282 3566 379 3633 quam
392 3548 404 3609 l
448 3545 605 3632 Equidem
618 3568 671 3611 me
684 3548 890 3613 commemini
903 3549 936 3613 in
950 3548 1159 3635 gravisimum
1171 3566 1205 3617 et
1217 3544 1302 3619 iimr-

282 3648 431 3735 piabilem
460 3648 516 3711 viri
544 3647 616 3713 satir
640 3648 709 3711 noti
738 3648 941 3716 offenfionem
969 3650 1152 3717 iucurrisse:
1187 3654 1298 3719 nullam

281 3748 376 3815 aliam
389 3749 434 3815 ob
446 3749 583 3827 causam,
597 3748 650 3813 nifi
664 3750 752 3835 quod
766 3764 949 3837 corruptum
964 3768 1069 3839 poete
1080 3734 1186 3821 Greci
1197 3757 1296 3821 locum

280 3852 534 3932 emendaverim3
548 3874 644 3939 quem
659 3852 712 3917 ille
725 3866 799 3919 ante
813 3854 1028 3937 solicitaverat,
1045 3858 1143 3921 Mufis
1157 3856 1297 3923 omnibus.

281 3952 379 4019 iratia
422 3954 562 4032 Scilicet,
576 3950 693 4017 audere
705 3976 898 4040 quemquam
922 3956 1039 4043 sapere,
1063 3958 1119 4023 ubi
1132 3957 1177 4023 illi
1192 3956 1243 4021 tali
1261 3966 1292 4018 ct

280 4062 372 4117 tauto
389 4050 526 4137 desipere
546 4051 736 4141 contigerat,
760 4054 873 4139 injuria
893 4072 961 4121 erat
981 4080 1046 4121 non
1070 4056 1210 4123 ferenda
1246 4056 1295 4119 Tu
