2817 4859
263 391 328 438 roo
485 370 678 435 TUSCUL.
703 367 1094 433 DlSPUTATIONUM

269 535 412 634 quando
429 533 492 618 est,
511 531 622 632 tnagis
636 533 856 606 laudandum
876 533 939 620 est,
955 552 1065 632 quam
1080 527 1134 602 illi
1149 531 1199 603 ob
1215 552 1304 606 eam

271 659 346 707 rem
363 631 479 707 beati:
507 659 578 706 non
596 633 738 729 pollirm
754 650 871 704 tamen
894 631 1026 716 dicere,
1043 653 1191 728 quoquo
1212 654 1305 703 mo·

272 735 320 806 do
338 733 407 804 hoc
423 730 660 830 Paccipietur,
679 733 901 830 Lycurgum,
918 731 1088 803 Solonem
1113 730 1236 824 legum
1263 746 1307 802 et

263 833 427 926 publicae
457 830 653 928 disciplinae
679 855 796 904 carere
827 829 962 928 gloria3
997 824 1301 919 Themistoclem,

271 930 557 1028 Epaminondam
574 929 714 1004 bellicae
730 929 881 1002 virtutis.

321 1029 456 1102 XLVI.
484 1031 578 1101 Ante
604 1028 699 1101 enim
714 1042 730 1088 <1
744 1028 956 1101 Salaminam
974 1025 1085 1124 ipsam
1101 1023 1306 1122 Neptunus

272 1130 411 1217 obruet,
433 1152 540 1222 quarn
565 1127 745 1200 Salaminii
771 1127 897 1224 tropaei
922 1124 1158 1210 memoriam
1182 1121 1303 1220 prius-

207 1259 215 1270 ·
271 1251 341 1324 que
360 1227 499 1299 Boeotia
516 1228 670 1300 Leudtra
694 1228 875 1316 tollentur,
893 1249 1002 1324 quam
1027 1247 1158 1321 pugnae
1176 1221 1304 1294 lauc-

272 1325 371 1398 tricae
388 1325 511 1422 gloria.
542 1326 667 1398 Multo
684 1343 803 1398 autem
815 1324 949 1397 tardius
964 1325 1057 1396 fama
1073 1321 1208 1395 deseret
1220 1321 1302 1394 Cu-

270 1424 376 1509 rium,
386 1421 824 1514 Fabricium,Calatinum‚
835 1427 925 1496 duos
940 1419 1136 1518 Scipiones,
1147 1421 1303 1493 duosA-

263 1522 436 1607 stimma,
449 1523 666 1610 Maximum,
679 1524 909 1611 Marcellum,
922 1522 1098 1608 Paullum,
1110 1521 1302 1608 Catonem,

271 1621 439 1711 Latium,
466 1621 739 1696 innumerabiles
767 1621 875 1694 alios:
912 1645 1067 1718 quorum
1095 1616 1305 1690 similitudi-

270 1746 354 1794 nem
371 1721 527 1817 aliquam
543 1721 605 1817 qui
621 1721 817 1819 arripuerit,
833 1745 906 1792 non
923 1745 1001 1791 eam
1017 1719 1110 1790 fama
1133 1715 1302 1814 populari

270 1819 331 1892 sed
349 1845 431 1892 vera
448 1823 624 1894 bonorum
642 1822 746 1892 laude
762 1818 923 1907 metiens,
940 1815 1069 1892 fidenti
1086 1817 1206 1890 animo
1231 1813 1304 1910 (¹s1

270 1916 322 1992 ita
339 1943 391 1990 res
409 1919 490 2014 fert)
509 1918 687 2015 gradietur
709 1921 754 1992 ad
780 1937 954 1991 mortem:
981 1915 1019 1989 in
1035 1940 1108 2012 qua
1123 1932 1183 1987 aut
1201 1913 1302 1986 sum·

271 2041 372 2087 mum
390 2018 538 2100 bonum,
555 2035 616 2089 aut
632 2019 773 2090 nullum
797 2018 932 2089 malum
956 2015 1026 2087 effe
1048 2011 1302 2111 cognovimus.

269 2114 466 2187 ⁵Secundis
488 2140 572 2188 vero
598 2115 666 2188 suis
694 2118 798 2189 rebus
822 2115 920 2188 volet
946 2113 1053 2186 etiam
1080 2113 1195 2188 mori:
1223 2135 1302 2185 non

308 2355 322 2395 Ρ
341 2349 499 2426 decipietur]
522 2350 565 2408 Sic
577 2349 648 2427 Reg.
685 2348 757 2406 Vul·
806 2351 939 2417 bendum,
962 2369 1002 2406 rer
1017 2345 1089 2428 fert,
1114 2347 1302 2424 qumadmo·

268 2449 314 2508 go,
328 2429 477 2506 accipiatur.
804 2432 875 2487 dum
901 2431 970 2486 dant
991 2430 1099 2486 vidior.
1124 2425 1225 2485 Eliens.
1254 2445 1301 2502 pr.

308 2517 321 2556 ‘¹
336 2509 506 2566 Salaminam
517 2509 607 2588 psam]
624 2513 759 2586 Exqoor·
805 2509 858 2567 sec.
872 2521 921 2566 aut
940 2529 980 2567 res
991 2511 1074 2586 feret,
1086 2509 1129 2564 uti
1143 2507 1303 2564 Lambinus

265 2599 299 2645 to
313 2589 474 2646 Graecorum
488 2590 550 2645 casu
565 2592 688 2666 primum
710 2591 759 2648 sae·
807 2591 904 2657 edidit,
942 2591 1099 2647 audloribuo
1140 2585 1304 2653 Ladantio,

267 2687 304 2748 pe
328 2667 451 2724 fecerunt
476 2669 581 2727 Latini.
619 2671 759 2746 Hierony·
808 2669 876 2726 Div.
892 2670 957 2727 loll.
975 2671 1022 2728 vii.
1043 2687 1088 2726 10.
1102 2665 1303 2742 nonnullisque

269 2767 343 2813 mus,
371 2747 462 2804 Catal.
489 2767 551 2826 cap.
580 2750 653 2808 cxiv.
695 2750 761 2828 Epi·
808 2749 899 2806 Tullii
912 2750 1062 2807 codicibus.

264 2825 378 2906 pharius
395 2829 473 2906 Cypri
492 2829 640 2886 Salaminae
662 2829 761 2908 Epffco·
847 2837 857 2865 ¹
879 2829 1003 2887 Secundis
1016 2849 1077 2888 vero
1088 2829 1148 2903 suis
1161 2825 1301 2884 reburvo·

264 2923 324 2986 pur.
377 2910 438 2966 Pari
473 2909 556 2966 modo
588 2911 759 2968 Salaminam
807 2910 842 2966 let
854 2911 930 2967 eriam
941 2909 1017 2983 mori]
1034 2910 1128 2968 Notus
1139 2907 1177 2966 est
1188 2906 1302 2964 Mimo·

266 2989 344 3044 dixit
357 2989 492 3065 Jnslinus,
507 2989 555 3047 lib.
567 2989 634 3046 xliv.
645 3009 705 3067 cap.
717 2991 758 3049 iii.
807 2992 907 3066 graphi
921 2991 1074 3056 versiculus,

270 3086 298 3124 a.
333 3069 368 3125 Et
384 3071 432 3126 lib.
449 3071 517 3125 iic.
534 3085 560 3146 7,
592 3071 756 3148 Deproprie-
847 3070 1302 3148 Moriestfelirir,aureqrrammor·

265 3157 322 3203 iate
336 3149 485 3205 Salanrinae
495 3147 585 3284 ippulae
591 3167 670 3228 propr
683 3151 758 3228 usque
885 3164 934 3208 tem
948 3152 1056 3208 ovaret.

267 3228 396 3285 interitum
413 3229 491 3285 armis
522 3229 757 3303 imicatrrmficrrat.
806 3223 1303 3299 HiocSeneca,Cons.adMarciam,'

267 3307 356 3364 sicin
376 3309 445 3365 aliia.
487 3309 531 3364 lta
551 3310 690 3386 Sulpicius
710 3311 758 3370 Se·
805 3331 831 3368 c.
853 3331 900 3372 xx.
934 3308 1086 3370 Mora-de
1104 3307 1183 3366 uulsis
1208 3307 1303 3365 melias

266 3405 356 3452 verua,
372 3389 410 3444 H.
427 3391 454 3446 S.
476 3387 524 3444 lib.
538 3388 566 3446 ii.
580 3409 604 3447 c.
619 3407 648 3465 9.
690 3389 758 3448 Ma·
805 3392 994 3468 anteaquam
1006 3387 1304 3467 debiaadpaosvern'e

265 3466 415 3526 rothonum:
448 3487 508 3544 cap.
534 3487 550 3526 o
554 3483 581 3545 5.
620 3469 759 3544 Prolrmoi·
806 3487 942 3549 antequam
954 3472 1123 3528 invocaretur.
1159 3468 1304 3525 ‘Hocnon

265 3547 326 3604 dam
338 3573 346 3619 ς
368 3567 400 3606 ac
419 3547 493 3606 Dial.
515 3568 540 3607 c.
565 3567 613 3622 23.
648 3549 759 3608 Thebai·
805 3553 842 3608 ad
872 3552 940 3610 soloe
966 3549 1082 3627 juvenes
1107 3548 1239 3626 pertinet,
1269 3559 1306 3606 ut

265 3627 326 3686 dam
337 3631 418 3686 habet
427 3655 436 3697 3
459 3649 542 3705 quem
554 3631 646 3687 locum
657 3643 759 3689 temere
806 3649 948 3708 perperam
963 3631 1024 3687 vult
1040 3629 1211 3688 uouiffimuo
1229 3626 1306 3704 Lip-

266 3709 393 3766 sollicitat
407 3711 488 3785 Joan.
506 3711 640 3766 Vorlliua.
678 3712 758 3769 Quin
808 3713 879 3782 fius3
901 3731 966 3768 nam
981 3727 1009 3768 et
1024 3712 1054 3778 ii,
1064 3710 1196 3787 gravibus
1210 3707 1306 3765 infor·

251 3801 294 3844 ·et
306 3789 379 3866 apud
393 3790 518 3856 Livium,
533 3791 581 3848 lib.
595 3792 612 3848 i.
625 3811 649 3846 c.
667 3793 713 3850 18.
724 3812 758 3849 ex
805 3793 893 3848 tuniis
907 3791 994 3868 pressi,
1007 3801 1127 3848 morteto
1142 3785 1241 3868 poffint
1255 3789 1307 3849 in·

266 3869 350 3928 MSS.
380 3869 580 3928 rescribendum
614 3871 757 3940 Crotonom,
806 3891 923 3936 rocam
938 3872 982 3928 sed
996 3873 1031 3928 ad
1044 3867 1307 3944 oos‚cujuscuoque

265 3965 331 4005 cunr
349 3949 457 4007 Crotona
467 3969 523 4026 prae
536 3951 561 4008 se
571 3951 660 4008 serant
670 3953 747 4009 editi.
805 3953 919 4009 demum
934 3954 987 4009 srnt
1000 3951 1101 4015 aetatis,
1114 3967 1235 4026 quorum
1257 3967 1305 4006 ren

308 4035 319 4062 ¹
340 4029 370 4084 Si
383 4031 421 4086 im
436 4051 475 4087 rea
490 4032 556 4103 sert]
572 4031 711 4108 Vulgo,fi
719 4034 758 4089 ita
805 4045 873 4088 eunt
886 4031 1021 4108 prospere,
1031 4031 1137 4108 quique
1151 4028 1235 4089 nullis
1250 4030 1308 4088 ad-

267 4108 354 4180 rrferr,
370 4121 397 4164 et
418 4113 456 4166 ita
471 4112 598 4168 nonnulli
615 4113 697 4168 MSS.
712 4111 757 4170 sed
805 4115 860 4170 buc
873 4112 1073 4170 molestioribus
1083 4121 1132 4168 aut
1145 4108 1236 4165 animi
1249 4121 1307 4166 out

268 4189 383 4244 omnino
404 4193 483 4248 male.
524 4198 587 4250 Aut
600 4192 676 4249 enirn
690 4190 756 4249 scri·
805 4193 925 4250 sortunae
933 4186 1305 4271 autoomorirardiatisunt

1101 4269 1304 4328 incommodis.
