2817 4859
276 350 340 429 ³⁸⁴
490 350 682 411 Tuscus.
705 346 1098 413 DIHUTA'I'IONUM

281 524 424 594 mut,
439 509 503 609 qui
520 510 611 585 nihil
627 510 777 585 omnino
794 533 879 587 curn
905 509 1043 611 populo
1066 508 1303 583 eonmhunt?

282 610 372 722 qiud
395 609 448 720 est
471 610 569 683 enim
593 609 735 685 dulcius
760 610 837 685 otio
861 610 1028 687 literato?
1058 606 1113 681 his
1130 606 1216 685 dico
1233 606 1306 717 lite·

269 734 343 799 su,
366 710 498 821 quihus
524 709 742 783 infinitatem
768 734 885 785 rerum
904 729 1016 807 atque
1038 724 1188 795 natoue,
1214 726 1250 779 er
1273 732 1305 777 ιιι
1398 798 1399 801 ¹

278 808 352 882 hoc
383 808 460 907 ipso
491 810 630 883 mundo
655 812 799 900 caelunr,
832 827 952 900 terras,
981 806 1093 883 maria
1124 804 1307 905 cognosci-

272 932 375 981 amus.

331 1006 531 1081 XXXVII.
557 1008 776 1107 Contempto
802 1008 910 1106 igitur
934 1006 1082 1095 honore,
1106 1018 1307 1101 contemptu

278 1104 390 1179 etiam
414 1104 579 1202 pecunia,
595 1106 683 1205 quid
701 1106 924 1209 relinquitur,
950 1107 1051 1203 quod
1076 1101 1305 1177 extimescen-

281 1206 371 1279 dum
395 1204 466 1277 fit?
492 1204 654 1295 exilium,
680 1208 802 1297 credo,
826 1204 925 1303 quod
956 1204 993 1277 in
1020 1202 1187 1277 maximis
1212 1197 1306 1275 malis

280 1302 440 1377 ducitur.
491 1306 534 1379 sd
558 1306 585 1378 fi
610 1324 755 1404 propter
775 1304 926 1380 alienam
943 1320 979 1377 et
996 1302 1168 1377 offensam
1185 1299 1305 1401 populi

280 1404 505 1477 voluntatem
521 1406 657 1479 malum
673 1406 752 1479 est:
780 1428 888 1503 quam
905 1402 950 1477 fit
971 1428 1013 1475 ea
1037 1398 1306 1488 contemnenda,

280 1502 390 1601 paulo
405 1520 487 1575 ante
502 1502 645 1577 dissum
661 1505 725 1577 est.
776 1502 839 1577 Sin
864 1502 981 1577 abesse
1006 1500 1119 1599 patria
1142 1498 1306 1573 miserum

274 1602 361 1687 est3
387 1603 503 1700 plenae
531 1601 740 1677 misemmm
766 1600 963 1713 provincia
990 1600 1082 1689 sunt,
1108 1622 1154 1673 ex
1180 1598 1306 1696 quibus

279 1701 479 1775 admodum
502 1701 606 1799 pauci
634 1701 671 1774 in
692 1718 842 1802 paenam
860 1716 1099 1775 revertuntur.
1147 1698 1201 1772 At
1217 1698 1305 1770 mul-

282 1818 404 1874 tantur
420 1800 525 1873 bonis
548 1800 697 1873 exsules.
750 1800 850 1875 Quid
867 1818 947 1874 tum
962 1800 975 1873 i
1009 1822 1181 1898 parumne
1198 1796 1306 1869 multa

282 1902 328 1973 de
357 1900 540 1973 toleranda
568 1916 773 1999 paupertate
802 1897 998 1973 dicuntur?
1031 1898 1106 1993 jam
1132 1918 1219 1969 vero
1246 1920 1304 1969 ex-

282 1996 398 2081 ilium,
424 1996 478 2069 ksr
507 1998 557 2071 rei
585 2017 761 2083 naturam,
794 2023 867 2073 non
894 1995 1127 2096 ignominiam
1156 1992 1305 2069 nominis

281 2093 504 2192 quaerimus;
530 2094 727 2193 ¹quantum
753 2098 899 2171 demum
924 2120 946 2169 a
970 2112 1139 2205 perpetua
1204 2092 1304 2190 regri·

278 2194 421 2267 natione
437 2192 588 2268 differt?
612 2198 649 2267 in
667 2220 740 2293 qua
753 2196 967 2269 aetatessuas
983 2192 1148 2293 phrlosop
1177 2192 1187 2265 i
1207 2192 1303 2265 nohi-
1398 2264 1399 2279 ἢ

277 2292 400 2367 liffimi
425 2292 730 2393 consumpserunt,
756 2294 989 2377 Xenocrates,
1016 2294 1179 2381 Crantor,
1199 2294 1304 2363 Arce·
1398 2336 1399 2345 ι

278 2392 371 2482 filas,
405 2392 579 2491 Lacydes,
613 2394 834 2483 Aristoteles,
870 2392 1152 2489 Theophrastus,
1198 2390 1306 2477 Zeno,

280 2491 485 2579 Cleanthes,
514 2494 748 2592 Chrysrppus,
778 2492 978 2591 Antipater,
1000 2491 1211 2574 Carneades,
1243 2488 1303 2561 Pa·

280 2588 421 2679 naetius,
437 2590 699 2680 Clitomachus,
718 2592 836 2681 Philo,
855 2590 1070 2678 Antiochus,
1090 2588 1303 2669 Posidonius,

279 2686 554 2762 innumerabiles
571 2688 654 2764 alii:
682 2692 746 2787 qui
764 2690 871 2765 semel
887 2689 1024 2788 egressa,
1042 2712 1228 2784 nunquam
1245 2688 1303 2757 do·

276 2805 400 2858 ¹mumr
423 2805 639 2861 evertemnt.
692 2790 742 2863 At
775 2789 872 2863 enim
898 2790 980 2873 sme,
1009 2784 1208 2884 ignominia
1231 2782 1303 2857 affi-
1398 2802 1399 2855 ι

278 2887 360 2957 ¹cere
378 2882 607 2982 Sapientem:
635 2888 679 2959 de
698 2888 853 2985 sapiente
866 2887 965 2961 enim
994 2886 1072 2959 lraee
1098 2885 1215 2958 omnis
1231 2908 1301 2955 ora·

279 2983 332 3053 tio
357 2986 420 3070 est,
439 2984 498 3057 cui
519 2986 599 3082 jure
623 2986 661 3059 id
686 2985 848 3061 accidere
877 3010 948 3059 non
971 2984 1100 3083 ponit:
1129 3008 1212 3055 nam
1231 3006 1302 3077 Jure

277 3081 499 3155 exsuiantem
532 3085 706 3157 consolari
737 3112 810 3158 non
843 3103 996 3182 oportet.
1047 3082 1232 3155 Postremo
1263 3080 1303 3151 ad

277 3202 402 3281 omnes
415 3182 512 3253 casus
531 3181 701 3257 facillima
719 3184 807 3257 ratio
824 3184 875 3255 est
892 3208 1027 3270 eorum,
1039 3182 1103 3279 qui
1119 3183 1165 3254 ad
1182 3180 1303 3275 volup-

278 3295 389 3379 tatem
406 3305 449 3351 ea
474 3280 643 3370 referunt,
661 3308 744 3378 quae
763 3284 957 3381 sequuntur
980 3282 1017 3353 in
1036 3280 1130 3363 uita3
1158 3298 1199 3351 ut
1216 3302 1301 3377 quo-

276 3402 423 3475 eunque
447 3377 527 3453 haec
544 3381 626 3453 loco
645 3381 899 3478 suppeditetur,
918 3380 967 3455 ibi
986 3382 1088 3452 beate
1105 3397 1236 3475 queant
1255 3375 1303 3445 vi-

276 3501 371 3550 vere.
423 3477 547 3589 Itaque
573 3480 616 3551 ad
642 3480 987 3554 omnem’rution'em
1007 3478 1141 3551 Teucri
1161 3500 1231 3549 vox
1247 3498 1302 3547 ac·

278 3578 500 3649 commodari
518 3579 648 3675 potest,

317 3871 331 3909 ¹¹
353 3876 385 3933 Si
406 3877 444 3933 uei
466 3876 602 3949 naturam]
625 3877 672 3933 el.
694 3878 768 3935 Ben·
818 3878 879 3952 rua]
903 3878 972 3955 Reg.
994 3880 1134 3939 Pitnoean.
1155 3888 1182 3936 et
1201 3876 1304 3933 aliien-

276 3952 343 4008 tieio
375 3958 410 4013 sic
445 3958 588 4034 reponenti
618 3958 767 4017 credimus
817 3958 901 4024 dices,
914 3973 1039 4037 quantum
1059 3961 1164 4017 damna
1179 3968 1303 4037 perpetua.

277 4030 380 4104 Vulgo,
394 4056 489 4093 mum,
818 4038 903 4115 Lege,
917 4054 1041 4117 quartum
1055 4042 1167 4099 taudem
1190 4059 1205 4095 a
1220 4052 1305 4115 ptvpt·

316 4110 482 4182 *Quantum
506 4116 621 4175 demum
643 4136 659 4174 a
677 4132 767 4200 perpc-
817 4132 863 4175 rra
879 4122 930 4177 &a
