2817 4859
243 359 306 420 344
453 339 649 404 roscen.
671 323 1063 404 orsrumrouurr

246 503 332 576 dem
346 498 412 577 nifi
429 501 487 592 fit,
502 502 706 578 ‘virtutum
721 499 886 578 interitus
903 501 1141 598 consequetur
1157 527 1167 574 r
1184 511 1276 578 'nrm

246 598 284 676 in
300 625 410 698 quem
426 601 523 676 cadit
538 602 728 699 aegritudo,
741 601 782 676 in
805 602 962 676 eundem
986 619 1126 674 metum
1150 600 1278 676 cedere

245 699 386 774 necesse
401 701 453 774 ost
465 731 485 787 3¹
502 702 556 774 est
570 700 669 778 enim
683 719 799 778 metus
820 699 951 774 suturae
975 697 1199 798 aegritudinis
1220 697 1281 772 so-

244 798 347 874 licita
370 799 601 898 expectatio:
629 799 667 874 in
692 825 803 898 quem
827 818 947 874 eutem
973 815 1102 884 metue,
1121 798 1161 872 in
1187 823 1283 876 eun*

245 899 331 972 dem
359 898 529 992 formido,
559 898 746 992 timiditas,
775 923 898 998 pavor,
927 899 1092 996 ignavia:
1124 921 1211 995 ergo
1237 913 1279 972 ut

246 997 345 1072 idem
361 1000 525 1075 vincatur
548 998 753 1086 interdum
780 1023 847 1074 uec
872 1015 977 1097 putet
999 999 1047 1074 od
1067 998 1102 1072 se
1116 1020 1281 1095 praecrp·
1363 1067 1367 1080 ,

247 1115 329 1172 rum
344 1097 436 1172 illud
450 1095 553 1172 Atrei
569 1099 758 1196 pertinere,

290 1245 426 1312 Proinde
439 1246 484 1312 ita
495 1259 610 1336 parent
623 1247 655 1313 se
668 1243 702 1312 in
718 1245 792 1328 vita,
804 1257 846 1312 'ut
859 1244 942 1313 vinci
957 1243 1119 1342 nesciant:
1247 1335 1249 1340 ,

247 1384 308 1461 hic
332 1398 463 1460 autem-
477 1381 655 1473 vincetur,
679 1399 721 1458 ut
746 1381 824 1456 dixi
841 1415 852 1470 ς
872 1405 950 1460 mec
976 1382 1087 1472 modo
1103 1379 1281 1472 vincetur,

246 1482 307 1568 sed
324 1481 432 1558 etiam
448 1481 599 1558 serviet:
624 1496 685 1556 ‘at
701 1506 767 1554 nos
783 1479 953 1558 virtutem
971 1481 1106 1580 semper
1128 1480 1280 1557 liberam

247 1581 428 1672 volumus,
447 1582 583 1680 semper
607 1577 807 1664 invidiam
834 1606 917 1677 quae
943 1581 1126 1670 nifiksunr‚
1144 1579 1281 1668 sublate

247 1681 367 1755 virtus·
384 1680 449 1756 est.
501 1683 650 1779 ‘Atque
673 1679 702 1752 fi
723 1678 762 1752 in
786 1678 916 1754 virtute
943 1678 1023 1754 satis
1046 1679 1098 1752 est
1124 1674 1280 1776 praefidii

247 1783 295 1857 ad
315 1781 406 1859 bene
424 1779 634 1868 vivendum,
653 1777 734 1854 satis
758 1779 809 1852 est
833 1777 941 1862 etiam
966 1781 1017 1852 ad
1038 1779 1141 1852 beate
1162 1805 1171 1850 :
1200 1775 1280 1851 satie

248 1880 302 1953 est
326 1879 422 1954 enim
451 1898 545 1954 certe
570 1878 608 1953 in
634 1877 780 1964 virtute,
801 1897 843 1950 ut
871 1878 1011 1952 fortiter
1036 1877 1224 1951 vivamus:
1242 1875 1280 1950 ,fi

248 1977 401 2069 sortiter,
418 1979 526 2052 etiam
541 1997 583 2052 ut
597 2003 731 2077 magno
747 1977 868 2052 animo
882 2010 893 2064 ς
920 1995 955 2050 et
975 1975 1123 2076 quidem
1140 1993 1181 2048 ut
1197 1976 1279 2048 nul·

247 2077 284 2153 la
299 2102 337 2150 re
354 2103 513 2174 unquam
537 2097 731 2160 terreamur
757 2077 964 2188 semperque
989 2077 1098 2152 fimus
1123 2072 1275 2162 invistie

247 2173 419 2272 sequitur,
435 2195 477 2250 ut
492 2175 585 2250 nihil
600 2174 787 2275 poeniteat,
805 2174 896 2250 mhil
913 2175 1015 2262 defit,
1033 2175 1123 2248 nihil
1140 2175 1278 2248 obstet:

246 2297 336 2372 ergo
358 2275 481 2353 omnia
504 2275 737 2376 profluenter,
756 2277 928 2360 absolute,
953 2275 1143 2374 prospere:
1172 2271 1280 2372 igitur

248 2375 378 2450 beate:
406 2374 486 2450 satis
503 2391 628 2455 autem.
646 2374 758 2450 virtus
775 2377 821 2450 ad
839 2373 977 2450 fortiter
999 2375 1191 2465 vivendum
1213 2395 1280 2470 po·

247 2473 342 2560 test;
369 2473 449 2548 satis
465 2501 552 2574 ergo
568 2473 736 2550 etiamad
759 2473 875 2549 beate.
925 2472 1097 2548 Etenim
1122 2491 1162 2546 ut
1192 2471 1279 2544 stul·
1333 2561 1335 2567 Ι

247 2569 340 2658 titia,
358 2573 422 2646 etsr
447 2576 576 2671 adepta
599 2575 652 2647 est
676 2575 777 2671 quod
802 2572 1026 2672 concupivit,
1042 2596 1228 2670 nunquam
1246 2570 1279 2643 se

249 2686 369 2744 tamen
389 2671 470 2745 sotis
488 2673 723 2747 'consecutam
740 2688 865 2770 putat:
892 2673 941 2745 fic
960 2669 1127 2771 sapientia
1144 2670 1279 2768 semper

249 2793 294 2841 eo
318 2786 487 2844 contenta
510 2773 575 2861 est,
601 2773 702 2868 quod
726 2772 850 2858 edest3
877 2795 994 2872 neque
1015 2797 1093 2846 earn
1119 2791 1279 2868 unquam

241 2867 301 2962 ¹sui
321 2867 487 2965 poenitet.

251 3037 257 3048 .
298 2967 407 3044 XIX.
434 2968 603 3046 similene
621 2987 725 3068 putas
740 2971 784 3046 C.
804 2969 908 3045 Laelii
924 2995 1037 3044 unum
1054 2968 1280 3048 consulatum

248 3063 366 3153 fuisse,
388 3084 425 3141 et
448 3093 532 3144 eum
556 3069 706 3165 quidem
731 3095 817 3148 cum
841 3069 989 3169 repulsa,
1016 3065 1086 3166 (¹¹s1
1115 3091 1201 3142 cum
1228 3067 1279 3141 sa-

217 3368 219 3371 ·
249 3343 382 3422 quosdam
396 3345 504 3406 codices
516 3347 644 3407 exh'ibere
653 3347 742 3408 Lam·
792 3361 886 3431 queat.
920 3353 1003 3412 Certe
1016 3351 1216 3411 Medfflattio.
1232 3353 1281 3412 Pe·

249 3427 333 3484 binus
346 3428 470 3486 testatur.
791 3431 874 3492 trens.
892 3432 995 3512 aliique
1014 3432 1121 3492 codices
1129 3433 1281 3512 -vulgatarrr

290 3515 302 3544 ¹
321 3508 468 3566 Virtutum
483 3509 601 3568 interitus
613 3511 743 3590 conseque-
791 3524 899 3572 terrent.

248 3585 310 3664 tur]
332 3587 380 3647 Cl.
400 3589 542 3648 Bentleiur
560 3591 639 3670 legit,
652 3593 743 3651 virtu-
831 3600 840 3632 ¹
862 3595 960 3672 Atque
962 3596 994 3672 fi
1004 3593 1032 3653 r'n
1043 3591 1157 3668 virture]
1180 3593 1227 3652 Sic
1240 3613 1282 3652 re·

249 3680 309 3726 um.
789 3672 881 3752 'posuit
902 3675 947 3734 (ΣΙ.
961 3675 1112 3745 Bentleiue,
1127 3693 1158 3732 ec
1180 3675 1220 3732 ita
1239 3675 1281 3732 lo·

248 3759 253 3771 ⁴
289 3749 362 3808 ·At
375 3770 419 3807 nos
435 3751 572 3827 virtutem]
594 3751 740 3812 Vittoriur
788 3755 839 3832 qui
861 3752 927 3814 solet
946 3757 1073 3816 Tullius.·
1104 3755 1210 3832 Vulgo,
1236 3769 1280 3814 at·

246 3829 503 3898 edidit,nosautem
513 3833 646 3892 vbrurm.
667 3835 740 3914 Reg.
788 3835 841 3915 qui.

248 3909 388 3979 Pithoean.
399 3922 427 3969 et
440 3911 508 3970 Pan.
522 3922 577 3971 tres
587 3915 741 3982 habentor
829 3925 843 3952 ¹¹
863 3915 892 3976 Si
913 3937 971 3975 rum
983 3915 1103 3996 fhpicns]
1137 3916 1183 3975 Ita
1208 3917 1278 3976 reete

244 4001 293 4045 ms
307 4003 391 4048 autem
403 3993 536 4062 virtutem,
548 4005 582 4052 ut
600 3995 632 4052 io
652 3994 687 4051 iis
705 4015 739 4053 u·
787 3993 862 4076 Reg.
889 3997 1026 4056 Pithoean.
1048 3997 1143 4058 Vatic.
1167 4007 1197 4058 et
1220 3995 1277 4058 Par.

245 4079 346 4146 traque
374 4071 459 4130 {estio
489 4072 686 4152 conjungatur,
712 4083 741 4134 et
788 4086 882 4156 quart.
909 4079 1015 4160 Vulgo,
1018 4079 1069 4157 fic.

244 4150 309 4208 'haec
330 4151 379 4209 vel·
401 4151 450 4212 isto
471 4173 523 4234 pro
542 4155 627 4214 libitu
653 4156 739 4236 recipi
956 4175 958 4180 ·
1045 4189 1048 4198 =
1135 4169 1139 4176 '
