2817 4859
339 401 399 464 an
413 393 588 462 nutem.
603 379 941 460 'nrsrnrtrroum
985 369 991 378 ’
1096 397 1156 474 ⁴⁶9

116 576 280 656 utrumque
293 590 325 637 nt
345 579 412 638 nui‘x
427 577 474 640 'ait
487 559 595 649 isolilr,
609 579 785 639 aemorroida
798 575 1054 658 ce'cidffl'c'or'rro'rr'r.
1086 575 1151 633 Hoc

114 693 182 750 ergo
196 677 297 732 metuit
312 677 490 734 Pacideianus
502 699 510 747 ;
532 677 558 735 et
573 676 682 754 liquido
696 678 760 733 inde
771 689 886 753 apparet
902 674 1071 749 Scaligetum
1084 689 1150 730 cnm

114 767 163 826 suo
176 772 281 850 rccpiat
294 782 353 829 tota
365 773 412 831 via
432 773 569 834 aberrasse.
611 774 703 850 Pergit
719 791 784 830 vero
802 791 853 828 nos
875 773 972 830 docere
992 790 1050 828 rem
1068 782 1151 827 antea

114 867 285 939 inauditam,
301 870 473 939 Gladiatores,
487 875 574 952 atficta
589 883 613 930 ct
622 871 716 950 gladio
718 871 803 947 fimul
806 869 952 949 pragnaffe:
974 853 1024 947 qui
1040 869 1149 929 ,fundus

114 963 153 1022 est
167 965 282 1025 alteriue
298 968 477 1046 conjenurae,
491 971 540 1030 ubi
560 991 610 1048 pro
621 969 689 1047 sura
710 969 849 1029 substituit
858 971 954 1046 stram.
987 969 1070 1026 Unde
1084 987 1148 1025 vero

113 1063 166 1120 noc
180 1081 354 1141 compertum
370 1067 473 1126 habet?
503 1064 545 1126 Et
564 1069 703 1144 'corruptis
723 1066 850 1124 Suetonii
866 1067 957 1124 verbis
971 1066 1046 1142 apud
1061 1065 1147 1125 Isido-

113 1179 189 1227 rum,
203 1162 327 1222 editoe
343 1181 408 1240 qaue
421 1163 492 1222 telle
510 1165 657 1226 emendata
679 1165 764 1226 habor
783 1163 813 1220 in
838 1163 924 1240 Liplii
945 1162 1148 1231 Saturnalibus,

112 1257 164 1316 lib.
180 1258 209 1318 ii.
224 1279 286 1336 cap.
301 1278 331 1336 9.
367 1261 443 1338 Ergo
464 1262 596 1338 Scaligeri
622 1261 844 1322 emendationem
867 1259 976 1324 missam
1000 1257 1148 1320 faciamus.

111 1353 178 1411 Tua
197 1355 288 1426 rellat,
302 1357 443 1433 ingeniosa
463 1378 495 1416 ea
516 1356 663 1435 prusodioe¹
680 1377 745 1414 narn
767 1377 801 1414 ex
821 1357 948 1414 codicum
971 1355 1078 1432 aliquot
1092 1355 1148 1413 lec-

111 1451 188 1510 tione
198 1451 280 1512 Furia
294 1455 406 1532 reponis
416 1455 543 1522 aeritur
558 1457 591 1514 stt
605 1474 706 1514 nomen
718 1454 831 1512 alterius
843 1453 1005 1529 gladiatoris
1019 1473 1084 1512 cum
1095 1453 1148 1510 Pa·

111 1547 239 1608 cideiano
255 1551 306 1608 hoc
320 1551 474 1628 compositi.
497 1551 548 1610 Sed
559 1552 625 1610 Fun
635 1551 736 1628 opinor
745 1549 872 1610 voluisti:
887 1549 938 1607 scia
951 1551 1027 1607 enim
1042 1568 1144 1607 nomen

110 1647 216 1723 gentile
230 1647 323 1716 Furius
344 1659 377 1708 ut
389 1645 478 1707 ¹Furia
495 1649 642 1726 producere
662 1648 785 1726 primam
808 1647 941 1726 syllabam
955 1648 1030 1724 apud
1045 1647 1146 1704 Catul-

111 1744 186 1812 lum,
198 1744 362 1812 Horatium,
376 1744 525 1815 Ovidium,
539 1745 714 1815 Martialem,
729 1746 807 1804 alioo.
847 1741 925 1802 Illud
942 1744 1080 1801 tamenin
1096 1755 1146 1802 tua

108 1839 230 1902 leolione
244 1843 454 1903 incommodum
476 1846 513 1904 est
530 1855 559 1902 et
578 1862 679 1922 parum
694 1842 850 1911 verisimile,
864 1843 940 1920 quod
962 1843 1075 1900 nornine
1098 1842 1147 1900 suo

110 1951 171 1998 tam
192 1941 341 2000 honorifice
363 1943 409 2000 hic
427 1943 547 2020 appellet
563 1941 770 2012 adversarium
792 1961 876 2020 quem
891 1953 949 1998 tam
966 1939 1039 1997 male
1050 1939 1146 2003 oderat

108 2047 137 2095 et
151 2039 361 2116 contempserat.
403 2041 445 2108 Id,
459 2041 569 2118 opinor,
582 2039 749 2117 dedignatus
769 2039 852 2098 esset:
874 2049 902 2097 et
921 2047 1053 2116 praeterea
1073 2037 1145 2095 idei
1187 2039 1190 2050 '

110 2155 215 2196 nomen
229 2135 307 2194 luisse
323 2156 377 2196 non
392 2138 429 2194 ell
443 2138 599 2198 verisimile.
634 2140 787 2207 Caeterum,
802 2139 820 2196 li
835 2156 927 2196 meam
942 2135 1054 2194 tandem
1075 2155 1143 2194 con·

105 2229 247 2307 jedluram
267 2233 314 2292 hic
334 2235 464 2314 postulas,
478 2256 510 2294 ea
523 2237 557 2294 s1c
571 2238 673 2306 habet;
695 2237 714 2292 sr
731 2256 787 2293 non
800 2254 865 2292 vera
878 2246 906 2292 ot
919 2244 1002 2302 certa,
1015 2233 1145 2310 probabi·

109 2332 145 2390 lie
161 2331 258 2391 saltem
272 2345 300 2392 et
315 2335 348 2392 ad
362 2334 467 2392 codices
482 2355 567 2412 quarn
584 2335 712 2412 proxime
726 2333 865 2390 accedens.

207 2465 374 2513 --—--ln
385 2479 412 2514 oe
422 2466 487 2527 prius
498 2465 618 2527 accipiam
630 2463 687 2528 ipse,

209 2545 292 2594 Quam
303 2545 412 2608 gladium
423 2546 450 2593 in
461 2547 587 2594 stomacho
597 2547 689 2594 Furia.
702 2557 731 2593 ac
742 2543 894 2608 pulmonibu'
905 2542 967 2591 sisto.

109 2659 198 2720 Reate
219 2661 320 2738 opinor
332 2661 439 2718 Furiam
460 2661 588 2719 nominat
600 2660 724 2740 spurcum
743 2658 816 2718 illum
836 2657 956 2716 hominem
974 2667 1002 2714 et
1016 2655 1145 2716 inhones·

112 2771 187 2824 turn,
207 2755 379 2834 AEsernlrrum
401 2757 561 2825 Samnitem
584 2759 607 2816 ie
630 2759 705 2816 enirn
729 2767 788 2816 erat
808 2773 873 2814 cum
897 2756 956 2833 ipso
974 2757 1144 2816 commissus.

110 2854 158 2914 Sic
172 2852 271 2910 Cicero
286 2851 366 2930 saepe,
378 2852 426 2910 illa
436 2852 527 2928 suria,
541 2853 574 2910 de
588 2851 654 2910 viria
667 2872 738 2928 quoe
751 2853 845 2909 oderat
858 2854 942 2908 rerba
955 2850 1069 2910 faciens.
1102 2849 1144 2906 ll-

107 2949 157 3007 lud
172 2958 245 3008 certe
260 2949 318 3026 ipsa
331 2948 467 3008 sententia
485 2948 606 3025 flagitat,
618 2958 652 3006 ut
665 2967 767 3011 nomen
781 2947 895 3023 aliquod
909 2947 955 3004 hic
967 2947 1073 3015 variat,
1086 2964 1144 3023 quo

107 3049 221 3108 Samnis
236 3047 282 3106 ille
294 3050 460 3108 denotetur:
483 3048 575 3118 Prien,
590 3046 695 3124 inquit,
708 3046 736 3103 ira
755 3066 781 3104 os
801 3045 858 3123 ipse
871 3043 992 3124 gladium
1009 3045 1143 3125 accipiam,

105 3165 186 3223 quara
199 3145 227 3204 ira
240 3144 556 3222 illiuastoroachofflam.
591 3144 674 3204 Unde
688 3159 786 3205 omnes
801 3143 858 3204 ille
870 3155 970 3222 proter
982 3154 1062 3204 tuam
1076 3163 1144 3204 con·

101 3240 323 3318 jedlurrafilra,
337 3239 409 3312 lura,
421 3241 582 3319 bira,ficarn
596 3261 654 3300 una
668 3241 751 3299 ruina
762 3241 922 3301 concidunt.

146 3341 221 3418 Cap.
236 3341 317 3404 xxiii.
340 3341 441 3420 Semper
452 3338 783 3416 [sansoninsortiffimus
796 3353 882 3401 tomen
895 3338 1028 3411 inforare.

242 3440 499 3516 Namjizrirtusfera't
512 3439 662 3506 maximum,
673 3457 734 3499 ¹curu
750 3437 856 3502 Danais
869 3433 1049 3495 inclinantibus

243 3535 376 3596 Sauream
389 3556 441 3596 ren
450 3536 557 3615 perseo
571 3552 682 3602 manua,
696 3533 826 3611 praelium
839 3531 946 3608 rosiecle
959 3530 1110 3610 insanare]

104 3653 180 3711 Snat
192 3651 312 3710 iambici
325 3651 460 3710 ouomnt
473 3667 507 3708 ex
521 3649 630 3709 cornico
643 3649 765 3725 quodam
781 3645 912 3723 producti
926 3669 933 3703 ε
948 3647 1023 3704 unde
1040 3646 1141 3705 frustra

106 3749 155 3808 hio
175 3750 295 3808 historiae
314 3749 459 3808 veritatem
481 3763 599 3824 quaerar.
639 3746 692 3803 Sed
715 3741 787 3802 illud
803 3742 927 3821 pralium
949 3760 1005 3801 uon
1026 3745 1117 3821 placet
1128 3767 1138 3815 ς

102 3865 173 3905 cum
188 3846 257 3922 quia
271 3843 378 3904 versum
390 3843 558 3922 corrumpit,
568 3859 659 3920 neque
671 3840 749 3898 enim
761 3840 880 3917 quodtu
894 3839 1014 3916 postulat
1028 3841 1057 3897 in
1071 3841 1141 3898 duae

103 3943 226 4020 syllabae
240 3943 373 4002 coarttari
387 3942 475 4021 potest
484 3965 492 4012 ς
515 3953 576 3998 tum
592 3940 660 4017 quia
673 3938 798 4019 pralium
818 3936 945 4014 efferare
963 3955 1013 3994 nec
1033 3937 1146 3995 sacione·

105 4039 267 4096 maximum
282 4039 330 4106 est,
344 4057 395 4096 nec
407 4057 451 4096 ree
463 4037 584 4096 summa.
627 4035 761 4094 Proelium
774 4034 882 4110 quippe
895 4033 1049 4092 restituitur
1061 4033 1142 4112 saepe,

102 4144 136 4193 'et
156 4145 254 4194 tamen
273 4135 458 4196 nihilominus
479 4134 596 4194 victoria
618 4133 771 4192 amittitur.
812 4131 950 4208 Equidem
972 4131 1008 4192 fio
1027 4142 1139 4212 poetam

103 4233 209 4294 dedisse
222 4245 304 4313 puto,

636 4349 656 4388 rr
672 4329 722 4402 h3
