<?xml version="1.0" encoding="UTF-8"?>
<!DOCTYPE html PUBLIC "-//W3C//DTD XHTML 1.0 Transitional//EN"
    "http://www.w3.org/TR/xhtml1/DTD/xhtml1-transitional.dtd">
<html xmlns="http://www.w3.org/1999/xhtml" xml:lang="en" lang="en">
 <head>
  <title>
</title>
<meta http-equiv="Content-Type" content="text/html;charset=utf-8" />
  <meta name='ocr-system' content='tesseract 3.04.00' />
  <meta name='ocr-capabilities' content='ocr_page ocr_carea ocr_par ocr_line ocrx_word'/>
</head>
<body>
  <div class='ocr_page' id='page_1' title='image "./mtulliiciceroni00bentgoog_0153.png"; bbox 0 0 2817 4859; ppageno 0'>
   <div class='ocr_carea' id='block_1_1' title="bbox 398 371 1166 464">
    <p class='ocr_par' dir='ltr' id='par_1_1' title="bbox 398 371 1166 464">
     <span class='ocr_line' id='line_1_1' title="bbox 398 371 1166 464; baseline 0.01 -31"><span class='ocrx_word' id='word_1_1' title='bbox 398 371 884 456; x_wconf 65' lang='lat' dir='ltr'><strong>urnnnsrcunnuc</strong></span> <span class='ocrx_word' id='word_1_2' title='bbox 1100 399 1166 464; x_wconf 56' lang='grc' dir='ltr'><strong>ιφ.</strong></span> 
     </span>
    </p>
   </div>
   <div class='ocr_carea' id='block_1_2' title="bbox 61 529 1210 2618">
    <p class='ocr_par' dir='ltr' id='par_1_2' title="bbox 61 529 1210 2618">
     <span class='ocr_line' id='line_1_2' title="bbox 119 529 1160 637; baseline 0.009 -30"><span class='ocrx_word' id='word_1_3' title='bbox 119 530 208 628; x_wconf 50' lang='lat' dir='ltr'><strong>setis</strong></span> <span class='ocrx_word' id='word_1_4' title='bbox 216 529 386 630; x_wconf 79' lang='lat' dir='ltr'><strong>intelligo</strong></span> <span class='ocrx_word' id='word_1_5' title='bbox 403 531 492 630; x_wconf 91' lang='lat' dir='ltr'><strong>quid</strong></span> <span class='ocrx_word' id='word_1_6' title='bbox 514 533 698 615; x_wconf 85' lang='lat' dir='ltr'><strong>summum</strong></span> <span class='ocrx_word' id='word_1_7' title='bbox 709 535 808 612; x_wconf 80' lang='lat' dir='ltr'><strong>dicas</strong></span> <span class='ocrx_word' id='word_1_8' title='bbox 826 538 911 628; x_wconf 84' lang='lat' dir='ltr'><strong>else,</strong></span> <span class='ocrx_word' id='word_1_9' title='bbox 926 537 1016 637; x_wconf 92' lang='lat' dir='ltr'><strong>quid</strong></span> <span class='ocrx_word' id='word_1_10' title='bbox 1032 540 1160 616; x_wconf 75' lang='lat' dir='ltr'><strong>breve.-</strong></span> 
     </span>
     <span class='ocr_line' id='line_1_3' title="bbox 119 630 1155 745; baseline 0.008 -40"><span class='ocrx_word' id='word_1_11' title='bbox 119 635 327 726; x_wconf 76' lang='lat' dir='ltr'><strong>Summum,</strong></span> <span class='ocrx_word' id='word_1_12' title='bbox 343 657 420 730; x_wconf 83' lang='lat' dir='ltr'><strong>quo</strong></span> <span class='ocrx_word' id='word_1_13' title='bbox 444 631 536 707; x_wconf 85' lang='lat' dir='ltr'>nihil</span> <span class='ocrx_word' id='word_1_14' title='bbox 561 633 605 706; x_wconf 86' lang='lat' dir='ltr'><strong>lit</strong></span> <span class='ocrx_word' id='word_1_15' title='bbox 622 630 804 745; x_wconf 77' lang='lat' dir='ltr'><strong>superius:</strong></span> <span class='ocrx_word' id='word_1_16' title='bbox 832 638 953 724; x_wconf 86' lang='lat' dir='ltr'><strong>breve,</strong></span> <span class='ocrx_word' id='word_1_17' title='bbox 970 665 1045 736; x_wconf 90' lang='lat' dir='ltr'><strong>quo</strong></span> <span class='ocrx_word' id='word_1_18' title='bbox 1062 639 1155 714; x_wconf 89' lang='lat' dir='ltr'><strong>nihil</strong></span> 
     </span>
     <span class='ocr_line' id='line_1_4' title="bbox 119 729 1157 837; baseline 0.011 -33"><span class='ocrx_word' id='word_1_19' title='bbox 119 731 279 812; x_wconf 83' lang='lat' dir='ltr'><strong>brevius.</strong></span> <span class='ocrx_word' id='word_1_20' title='bbox 329 729 532 806; x_wconf 87' lang='lat' dir='ltr'><strong>Contemno</strong></span> <span class='ocrx_word' id='word_1_21' title='bbox 557 733 844 830; x_wconf 79' lang='lat' dir='ltr'><strong>magnitudinem</strong></span> <span class='ocrx_word' id='word_1_22' title='bbox 864 737 1020 824; x_wconf 70' lang='lat' dir='ltr'><strong>doloris3</strong></span> <span class='ocrx_word' id='word_1_23' title='bbox 1046 763 1157 837; x_wconf 72' lang='lat' dir='ltr'><strong>aqua</strong></span> 
     </span>
     <span class='ocr_line' id='line_1_5' title="bbox 120 830 1156 934; baseline 0.007 -28"><span class='ocrx_word' id='word_1_24' title='bbox 120 855 180 920; x_wconf 82' lang='lat' dir='ltr'><strong>rue</strong></span> <span class='ocrx_word' id='word_1_25' title='bbox 208 830 360 924; x_wconf 78' lang='lat' dir='ltr'>brevitas</span> <span class='ocrx_word' id='word_1_26' title='bbox 386 831 555 930; x_wconf 88' lang='lat' dir='ltr'><strong>temporis</strong></span> <span class='ocrx_word' id='word_1_27' title='bbox 578 831 790 920; x_wconf 86' lang='lat' dir='ltr'><strong>vindicabit,</strong></span> <span class='ocrx_word' id='word_1_28' title='bbox 815 852 898 908; x_wconf 87' lang='lat' dir='ltr'><strong>ante</strong></span> <span class='ocrx_word' id='word_1_29' title='bbox 922 860 1024 932; x_wconf 86' lang='lat' dir='ltr'><strong>paene</strong></span> <span class='ocrx_word' id='word_1_30' title='bbox 1047 855 1156 934; x_wconf 79' lang='lat' dir='ltr'><strong>quam</strong></span> 
     </span>
     <span class='ocr_line' id='line_1_6' title="bbox 119 929 1156 1031; baseline 0.009 -29"><span class='ocrx_word' id='word_1_31' title='bbox 119 929 282 1004; x_wconf 78' lang='lat' dir='ltr'><strong>venerit:</strong></span> <span class='ocrx_word' id='word_1_32' title='bbox 310 929 370 1004; x_wconf 87' lang='lat' dir='ltr'><strong>led</strong></span> <span class='ocrx_word' id='word_1_33' title='bbox 386 930 414 1002; x_wconf 86' lang='lat' dir='ltr'><strong>fi</strong></span> <span class='ocrx_word' id='word_1_34' title='bbox 437 931 488 1004; x_wconf 90' lang='lat' dir='ltr'><strong>est</strong></span> <span class='ocrx_word' id='word_1_35' title='bbox 503 947 622 1006; x_wconf 78' lang='lat' dir='ltr'><strong>tantus</strong></span> <span class='ocrx_word' id='word_1_36' title='bbox 637 933 742 1006; x_wconf 88' lang='lat' dir='ltr'><strong>dolor</strong></span> <span class='ocrx_word' id='word_1_37' title='bbox 758 953 911 1031; x_wconf 83' lang='lat' dir='ltr'><strong>quantus</strong></span> <span class='ocrx_word' id='word_1_38' title='bbox 927 933 1156 1028; x_wconf 61' lang='lat' dir='ltr'><strong>Philoclem,</strong></span> 
     </span>
     <span class='ocr_line' id='line_1_7' title="bbox 121 1028 1156 1129; baseline 0.008 -27"><span class='ocrx_word' id='word_1_39' title='bbox 121 1029 215 1122; x_wconf 82' lang='lat' dir='ltr'><strong>hene</strong></span> <span class='ocrx_word' id='word_1_40' title='bbox 231 1031 336 1124; x_wconf 84' lang='lat' dir='ltr'><strong>plane</strong></span> <span class='ocrx_word' id='word_1_41' title='bbox 355 1055 503 1128; x_wconf 81' lang='lat' dir='ltr'><strong>magnus</strong></span> <span class='ocrx_word' id='word_1_42' title='bbox 520 1029 608 1102; x_wconf 91' lang='lat' dir='ltr'><strong>mihi</strong></span> <span class='ocrx_word' id='word_1_43' title='bbox 626 1028 774 1129; x_wconf 88' lang='lat' dir='ltr'><strong>quidem</strong></span> <span class='ocrx_word' id='word_1_44' title='bbox 787 1031 942 1124; x_wconf 87' lang='lat' dir='ltr'><strong>videtur,</strong></span> <span class='ocrx_word' id='word_1_45' title='bbox 958 1034 1017 1108; x_wconf 85' lang='lat' dir='ltr'><strong>sed</strong></span> <span class='ocrx_word' id='word_1_46' title='bbox 1036 1053 1156 1110; x_wconf 81' lang='lat' dir='ltr'><strong>tamen</strong></span> 
     </span>
     <span class='ocr_line' id='line_1_8' title="bbox 120 1125 1157 1231; baseline 0.003 -26"><span class='ocrx_word' id='word_1_47' title='bbox 120 1153 208 1205; x_wconf 83' lang='lat' dir='ltr'><strong>non.</strong></span> <span class='ocrx_word' id='word_1_48' title='bbox 223 1129 406 1214; x_wconf 89' lang='lat' dir='ltr'><strong>summus;</strong></span> <span class='ocrx_word' id='word_1_49' title='bbox 433 1125 524 1202; x_wconf 90' lang='lat' dir='ltr'><strong>nihil</strong></span> <span class='ocrx_word' id='word_1_50' title='bbox 549 1127 645 1204; x_wconf 89' lang='lat' dir='ltr'><strong>enirn</strong></span> <span class='ocrx_word' id='word_1_51' title='bbox 670 1131 786 1217; x_wconf 72' lang='lat' dir='ltr'><strong>dolet„</strong></span> <span class='ocrx_word' id='word_1_52' title='bbox 806 1131 872 1204; x_wconf 81' lang='lat' dir='ltr'><strong>nist</strong></span> <span class='ocrx_word' id='word_1_53' title='bbox 896 1158 985 1231; x_wconf 74' lang='lat' dir='ltr'><strong>pest</strong></span> <span class='ocrx_word' id='word_1_54' title='bbox 1011 1133 1157 1230; x_wconf 73' lang='lat' dir='ltr'><strong>poliunt</strong></span> 
     </span>
     <span class='ocr_line' id='line_1_9' title="bbox 120 1226 1157 1330; baseline 0.008 -30"><span class='ocrx_word' id='word_1_55' title='bbox 120 1226 221 1302; x_wconf 90' lang='lat' dir='ltr'><strong>oculi</strong></span> <span class='ocrx_word' id='word_1_56' title='bbox 237 1259 248 1314; x_wconf 88' lang='lat'>;</span> <span class='ocrx_word' id='word_1_57' title='bbox 274 1229 392 1328; x_wconf 88' lang='lat' dir='ltr'><strong>potest</strong></span> <span class='ocrx_word' id='word_1_58' title='bbox 409 1246 528 1328; x_wconf 85' lang='lat' dir='ltr'><strong>caput,</strong></span> <span class='ocrx_word' id='word_1_59' title='bbox 543 1230 663 1318; x_wconf 81' lang='lat' dir='ltr'><strong>latera,</strong></span> <span class='ocrx_word' id='word_1_60' title='bbox 679 1231 889 1327; x_wconf 86' lang='lat' dir='ltr'><strong>pulmoncs;</strong></span> <span class='ocrx_word' id='word_1_61' title='bbox 914 1233 1061 1330; x_wconf 73' lang='lat' dir='ltr'><strong>poliunt</strong></span> <span class='ocrx_word' id='word_1_62' title='bbox 1076 1258 1157 1308; x_wconf 87' lang='lat' dir='ltr'><strong>om·</strong></span> 
     </span>
     <span class='ocr_line' id='line_1_10' title="bbox 120 1325 1174 1432; baseline 0.007 -32"><span class='ocrx_word' id='word_1_63' title='bbox 120 1325 208 1400; x_wconf 77' lang='lat' dir='ltr'><strong>nia:</strong></span> <span class='ocrx_word' id='word_1_64' title='bbox 235 1329 299 1400; x_wconf 90' lang='lat' dir='ltr'><strong>lon</strong></span> <span class='ocrx_word' id='word_1_65' title='bbox 327 1353 344 1418; x_wconf 82' lang='lat' dir='ltr'><strong>e</strong></span> <span class='ocrx_word' id='word_1_66' title='bbox 362 1326 472 1424; x_wconf 85' lang='lat' dir='ltr'><strong>igitur</strong></span> <span class='ocrx_word' id='word_1_67' title='bbox 488 1327 584 1400; x_wconf 89' lang='lat' dir='ltr'><strong>abest</strong></span> <span class='ocrx_word' id='word_1_68' title='bbox 601 1353 622 1400; x_wconf 82' lang='lat' dir='ltr'><strong>a</strong></span> <span class='ocrx_word' id='word_1_69' title='bbox 639 1329 777 1403; x_wconf 87' lang='lat' dir='ltr'><strong>summo</strong></span> <span class='ocrx_word' id='word_1_70' title='bbox 794 1331 929 1404; x_wconf 91' lang='lat' dir='ltr'><strong>dolore.</strong></span> <span class='ocrx_word' id='word_1_71' title='bbox 970 1332 1082 1432; x_wconf 81' lang='lat' dir='ltr'><strong>Ergo,</strong></span> <span class='ocrx_word' id='word_1_72' title='bbox 1098 1331 1156 1406; x_wconf 86' lang='lat' dir='ltr'><strong>in·</strong></span> <span class='ocrx_word' id='word_1_73' title='bbox 1171 1368 1174 1375; x_wconf 92' lang='lat'>·</span> 
     </span>
     <span class='ocr_line' id='line_1_11' title="bbox 120 1352 1158 1529; baseline 0.004 -29"><span class='ocrx_word' id='word_1_74' title='bbox 120 1423 217 1524; x_wconf 88' lang='lat' dir='ltr'><strong>quit,</strong></span> <span class='ocrx_word' id='word_1_75' title='bbox 231 1352 354 1498; x_wconf 66' lang='lat' dir='ltr'><strong>bdolor</strong></span> <span class='ocrx_word' id='word_1_76' title='bbox 367 1425 544 1500; x_wconf 85' lang='lat' dir='ltr'><strong>diuturnus</strong></span> <span class='ocrx_word' id='word_1_77' title='bbox 561 1425 661 1500; x_wconf 84' lang='lat' dir='ltr'><strong>babet</strong></span> <span class='ocrx_word' id='word_1_78' title='bbox 678 1423 808 1502; x_wconf 80' lang='lat' dir='ltr'><strong>laett&#39;tiae</strong></span> <span class='ocrx_word' id='word_1_79' title='bbox 825 1426 918 1528; x_wconf 85' lang='lat' dir='ltr'><strong>plur,</strong></span> <span class='ocrx_word' id='word_1_80' title='bbox 933 1456 1031 1529; x_wconf 83' lang='lat' dir='ltr'><strong>quam</strong></span> <span class='ocrx_word' id='word_1_81' title='bbox 1046 1429 1158 1526; x_wconf 83' lang='lat' dir='ltr'><strong>moles·</strong></span> 
     </span>
     <span class='ocr_line' id='line_1_12' title="bbox 122 1525 1157 1624; baseline 0.003 -23"><span class='ocrx_word' id='word_1_82' title='bbox 122 1527 191 1602; x_wconf 75' lang='lat' dir='ltr'><strong>riae.</strong></span> <span class='ocrx_word' id='word_1_83' title='bbox 244 1525 356 1599; x_wconf 92' lang='lat' dir='ltr'><strong>Nunc</strong></span> <span class='ocrx_word' id='word_1_84' title='bbox 367 1550 443 1622; x_wconf 84' lang='lat' dir='ltr'><strong>ego</strong></span> <span class='ocrx_word' id='word_1_85' title='bbox 460 1551 533 1614; x_wconf 85' lang='lat' dir='ltr'><strong>non</strong></span> <span class='ocrx_word' id='word_1_86' title='bbox 550 1527 692 1624; x_wconf 77' lang='lat' dir='ltr'><strong>possum</strong></span> <span class='ocrx_word' id='word_1_87' title='bbox 707 1545 848 1605; x_wconf 80' lang='lat' dir='ltr'><strong>tanturn</strong></span> <span class='ocrx_word' id='word_1_88' title='bbox 863 1527 1049 1604; x_wconf 90' lang='lat' dir='ltr'><strong>hominem</strong></span> <span class='ocrx_word' id='word_1_89' title='bbox 1064 1530 1157 1604; x_wconf 90' lang='lat' dir='ltr'><strong>nihil</strong></span> 
     </span>
     <span class='ocr_line' id='line_1_13' title="bbox 121 1623 1157 1728; baseline 0.004 -28"><span class='ocrx_word' id='word_1_90' title='bbox 121 1625 242 1723; x_wconf 76' lang='lat' dir='ltr'><strong>sapere</strong></span> <span class='ocrx_word' id='word_1_91' title='bbox 268 1623 410 1709; x_wconf 87' lang='lat' dir='ltr'><strong>dicere;</strong></span> <span class='ocrx_word' id='word_1_92' title='bbox 447 1624 504 1698; x_wconf 88' lang='lat' dir='ltr'><strong>sed</strong></span> <span class='ocrx_word' id='word_1_93' title='bbox 528 1651 593 1699; x_wconf 84' lang='lat' dir='ltr'><strong>nos</strong></span> <span class='ocrx_word' id='word_1_94' title='bbox 612 1625 660 1698; x_wconf 82' lang='lat' dir='ltr'><strong>ab</strong></span> <span class='ocrx_word' id='word_1_95' title='bbox 684 1653 728 1700; x_wconf 91' lang='lat' dir='ltr'><strong>eo</strong></span> <span class='ocrx_word' id='word_1_96' title='bbox 750 1625 905 1700; x_wconf 87' lang='lat' dir='ltr'><strong>derideri</strong></span> <span class='ocrx_word' id='word_1_97' title='bbox 921 1647 1024 1726; x_wconf 88' lang='lat' dir='ltr'><strong>puto.</strong></span> <span class='ocrx_word' id='word_1_98' title='bbox 1073 1631 1157 1728; x_wconf 86' lang='lat' dir='ltr'><strong>Ego</strong></span> 
     </span>
     <span class='ocr_line' id='line_1_14' title="bbox 121 1723 1155 1816; baseline 0.002 -18"><span class='ocrx_word' id='word_1_99' title='bbox 121 1724 303 1798; x_wconf 79' lang='lat' dir='ltr'><strong>summum</strong></span> <span class='ocrx_word' id='word_1_100' title='bbox 327 1724 489 1796; x_wconf 90' lang='lat' dir='ltr'><strong>dolorem</strong></span> <span class='ocrx_word' id='word_1_101' title='bbox 516 1723 721 1816; x_wconf 86' lang='lat' dir='ltr'><strong>(summum</strong></span> <span class='ocrx_word' id='word_1_102' title='bbox 734 1743 855 1802; x_wconf 83' lang='lat' dir='ltr'><strong>autem</strong></span> <span class='ocrx_word' id='word_1_103' title='bbox 882 1727 979 1811; x_wconf 89' lang='lat' dir='ltr'><strong>dico,</strong></span> <span class='ocrx_word' id='word_1_104' title='bbox 997 1724 1155 1802; x_wconf 81' lang='lat' dir='ltr'><strong>etiamst</strong></span> 
     </span>
     <span class='ocr_line' id='line_1_15' title="bbox 122 1821 1156 1921; baseline 0.002 -23"><span class='ocrx_word' id='word_1_105' title='bbox 122 1823 249 1914; x_wconf 83' lang='lat' dir='ltr'><strong>decem</strong></span> <span class='ocrx_word' id='word_1_106' title='bbox 273 1821 402 1896; x_wconf 87' lang='lat' dir='ltr'><strong>atomis</strong></span> <span class='ocrx_word' id='word_1_107' title='bbox 424 1823 476 1896; x_wconf 90' lang='lat' dir='ltr'><strong>est</strong></span> <span class='ocrx_word' id='word_1_108' title='bbox 505 1825 615 1920; x_wconf 87' lang='lat' dir='ltr'><strong>major</strong></span> <span class='ocrx_word' id='word_1_109' title='bbox 643 1821 749 1921; x_wconf 85' lang='lat' dir='ltr'><strong>alius)</strong></span> <span class='ocrx_word' id='word_1_110' title='bbox 780 1849 854 1898; x_wconf 91' lang='lat' dir='ltr'><strong>non</strong></span> <span class='ocrx_word' id='word_1_111' title='bbox 886 1825 1061 1900; x_wconf 88' lang='lat' dir='ltr'><strong>continuo</strong></span> <span class='ocrx_word' id='word_1_112' title='bbox 1084 1828 1156 1906; x_wconf 80' lang='lat' dir='ltr'><strong>effe</strong></span> 
     </span>
     <span class='ocr_line' id='line_1_16' title="bbox 121 1921 1158 2022; baseline 0.002 -24"><span class='ocrx_word' id='word_1_113' title='bbox 121 1921 206 1998; x_wconf 86' lang='lat' dir='ltr'><strong>dico</strong></span> <span class='ocrx_word' id='word_1_114' title='bbox 223 1924 396 2008; x_wconf 85' lang='lat' dir='ltr'><strong>brevem;</strong></span> <span class='ocrx_word' id='word_1_115' title='bbox 423 1921 625 2022; x_wconf 83' lang='lat' dir='ltr'><strong>multosque</strong></span> <span class='ocrx_word' id='word_1_116' title='bbox 641 1923 783 2020; x_wconf 72' lang='lat' dir='ltr'><strong>polium</strong></span> <span class='ocrx_word' id='word_1_117' title='bbox 799 1925 913 1998; x_wconf 86' lang='lat' dir='ltr'><strong>bonos</strong></span> <span class='ocrx_word' id='word_1_118' title='bbox 927 1922 1021 1998; x_wconf 84' lang='lat' dir='ltr'><strong>viros</strong></span> <span class='ocrx_word' id='word_1_119' title='bbox 1036 1925 1158 2000; x_wconf 90' lang='lat' dir='ltr'><strong>nomi-</strong></span> 
     </span>
     <span class='ocr_line' id='line_1_17' title="bbox 121 2021 1157 2132; baseline 0.001 -33"><span class='ocrx_word' id='word_1_120' title='bbox 121 2047 219 2109; x_wconf 74' lang='lat' dir='ltr'><strong>nare,</strong></span> <span class='ocrx_word' id='word_1_121' title='bbox 236 2021 300 2120; x_wconf 89' lang='lat' dir='ltr'><strong>qui</strong></span> <span class='ocrx_word' id='word_1_122' title='bbox 328 2023 529 2132; x_wconf 82' lang='lat' dir='ltr'>complures</span> <span class='ocrx_word' id='word_1_123' title='bbox 553 2046 663 2096; x_wconf 86' lang='lat' dir='ltr'><strong>annos</strong></span> <span class='ocrx_word' id='word_1_124' title='bbox 684 2021 871 2098; x_wconf 82' lang='lat' dir='ltr'><strong>doloribus</strong></span> <span class='ocrx_word' id='word_1_125' title='bbox 885 2024 1056 2123; x_wconf 79' lang='lat' dir='ltr'><strong>podagrae</strong></span> <span class='ocrx_word' id='word_1_126' title='bbox 1073 2050 1157 2100; x_wconf 88' lang='lat' dir='ltr'><strong>cru-</strong></span> 
     </span>
     <span class='ocr_line' id='line_1_18' title="bbox 61 2119 1157 2221; baseline 0.003 -26"><span class='ocrx_word' id='word_1_127' title='bbox 61 2189 70 2208; x_wconf 81' lang='lat'>,</span> <span class='ocrx_word' id='word_1_128' title='bbox 121 2119 265 2214; x_wconf 79' lang='lat' dir='ltr'><strong>cientur</strong></span> <span class='ocrx_word' id='word_1_129' title='bbox 282 2120 458 2194; x_wconf 82' lang='lat' dir='ltr'><strong>maximis.</strong></span> <span class='ocrx_word' id='word_1_130' title='bbox 509 2121 580 2192; x_wconf 90' lang='lat' dir='ltr'><strong>Sed</strong></span> <span class='ocrx_word' id='word_1_131' title='bbox 597 2119 732 2194; x_wconf 86' lang='lat' dir='ltr'><strong>chomo</strong></span> <span class='ocrx_word' id='word_1_132' title='bbox 753 2140 852 2196; x_wconf 79' lang='lat' dir='ltr'><strong>catus</strong></span> <span class='ocrx_word' id='word_1_133' title='bbox 877 2125 1062 2221; x_wconf 81' lang='lat' dir='ltr'><strong>nunquam</strong></span> <span class='ocrx_word' id='word_1_134' title='bbox 1084 2144 1157 2198; x_wconf 86' lang='lat' dir='ltr'><strong>ter-</strong></span> 
     </span>
     <span class='ocr_line' id='line_1_19' title="bbox 121 2217 1154 2318; baseline 0.004 -25"><span class='ocrx_word' id='word_1_135' title='bbox 121 2218 239 2294; x_wconf 80' lang='lat' dir='ltr'><strong>minat</strong></span> <span class='ocrx_word' id='word_1_136' title='bbox 265 2244 331 2292; x_wconf 90' lang='lat' dir='ltr'><strong>nec</strong></span> <span class='ocrx_word' id='word_1_137' title='bbox 357 2217 612 2318; x_wconf 85' lang='lat' dir='ltr'><strong>magnitudinis</strong></span> <span class='ocrx_word' id='word_1_138' title='bbox 635 2246 700 2294; x_wconf 88' lang='lat' dir='ltr'><strong>nec</strong></span> <span class='ocrx_word' id='word_1_139' title='bbox 718 2219 961 2295; x_wconf 85' lang='lat' dir='ltr'><strong>diuturnitatis</strong></span> <span class='ocrx_word' id='word_1_140' title='bbox 977 2223 1154 2296; x_wconf 85' lang='lat' dir='ltr'><strong>modurn:</strong></span> 
     </span>
     <span class='ocr_line' id='line_1_20' title="bbox 119 2317 1157 2417; baseline 0 -23"><span class='ocrx_word' id='word_1_141' title='bbox 119 2337 166 2394; x_wconf 88' lang='lat' dir='ltr'><strong>ut</strong></span> <span class='ocrx_word' id='word_1_142' title='bbox 184 2317 294 2392; x_wconf 79' lang='lat' dir='ltr'><strong>sciam</strong></span> <span class='ocrx_word' id='word_1_143' title='bbox 309 2317 396 2415; x_wconf 88' lang='lat' dir='ltr'><strong>quid</strong></span> <span class='ocrx_word' id='word_1_144' title='bbox 416 2319 596 2393; x_wconf 89' lang='lat' dir='ltr'><strong>summum</strong></span> <span class='ocrx_word' id='word_1_145' title='bbox 612 2319 709 2412; x_wconf 69' lang='lat' dir='ltr'><strong>dicat</strong></span> <span class='ocrx_word' id='word_1_146' title='bbox 734 2317 772 2392; x_wconf 91' lang='lat' dir='ltr'><strong>in</strong></span> <span class='ocrx_word' id='word_1_147' title='bbox 789 2321 927 2403; x_wconf 87' lang='lat' dir='ltr'><strong>dolore,</strong></span> <span class='ocrx_word' id='word_1_148' title='bbox 942 2319 1033 2417; x_wconf 90' lang='lat' dir='ltr'><strong>quid</strong></span> <span class='ocrx_word' id='word_1_149' title='bbox 1048 2323 1157 2395; x_wconf 84' lang='lat' dir='ltr'><strong>breve</strong></span> 
     </span>
     <span class='ocr_line' id='line_1_21' title="bbox 118 2415 1210 2516; baseline 0 -24"><span class='ocrx_word' id='word_1_150' title='bbox 118 2419 163 2492; x_wconf 87' lang='lat' dir='ltr'><strong>in</strong></span> <span class='ocrx_word' id='word_1_151' title='bbox 190 2437 359 2512; x_wconf 86' lang='lat' dir='ltr'><strong>ternpore.</strong></span> <span class='ocrx_word' id='word_1_152' title='bbox 411 2415 628 2490; x_wconf 82' lang='lat' dir='ltr'><strong>Omittamus</strong></span> <span class='ocrx_word' id='word_1_153' title='bbox 654 2417 750 2490; x_wconf 92' lang='lat' dir='ltr'><strong>hunc</strong></span> <span class='ocrx_word' id='word_1_154' title='bbox 774 2416 884 2515; x_wconf 83' lang='lat' dir='ltr'><strong>igitur</strong></span> <span class='ocrx_word' id='word_1_155' title='bbox 906 2417 996 2490; x_wconf 91' lang='lat' dir='ltr'><strong>nihil</strong></span> <span class='ocrx_word' id='word_1_156' title='bbox 1017 2419 1159 2516; x_wconf 76' lang='lat' dir='ltr'><strong>prorsus</strong></span> <span class='ocrx_word' id='word_1_157' title='bbox 1205 2456 1210 2482; x_wconf 66' lang='lat' dir='ltr'><em>z</em></span> 
     </span>
     <span class='ocr_line' id='line_1_22' title="bbox 118 2514 1159 2618; baseline 0.001 -27"><span class='ocrx_word' id='word_1_158' title='bbox 118 2514 334 2591; x_wconf 88' lang='lat' dir='ltr'><strong>dicentem:</strong></span> <span class='ocrx_word' id='word_1_159' title='bbox 365 2516 605 2618; x_wconf 84' lang='lat' dir='ltr'><strong>cogamusque</strong></span> <span class='ocrx_word' id='word_1_160' title='bbox 635 2516 814 2605; x_wconf 85' lang='lat' dir='ltr'><strong>confiteri,</strong></span> <span class='ocrx_word' id='word_1_161' title='bbox 839 2541 913 2590; x_wconf 92' lang='lat' dir='ltr'><strong>non</strong></span> <span class='ocrx_word' id='word_1_162' title='bbox 942 2517 1011 2590; x_wconf 79' lang='lat' dir='ltr'><strong>else</strong></span> <span class='ocrx_word' id='word_1_163' title='bbox 1037 2519 1084 2592; x_wconf 83' lang='lat' dir='ltr'><strong>ab</strong></span> <span class='ocrx_word' id='word_1_164' title='bbox 1113 2543 1159 2592; x_wconf 91' lang='lat' dir='ltr'><strong>eo</strong></span> 
     </span>
    </p>
   </div>
   <div class='ocr_carea' id='block_1_3' title="bbox 80 2750 1188 4228">
    <p class='ocr_par' dir='ltr' id='par_1_3' title="bbox 80 2750 1188 4228">
     <span class='ocr_line' id='line_1_23' title="bbox 119 2750 1158 2860; baseline 0 -22"><span class='ocrx_word' id='word_1_165' title='bbox 119 2750 1158 2860; x_wconf 50' lang='lat' dir='ltr'><strong>QmmmmfflWQMWMoe</strong></span> 
     </span>
     <span class='ocr_line' id='line_1_24' title="bbox 119 2859 1158 2938; baseline 0 -20"><span class='ocrx_word' id='word_1_166' title='bbox 119 2861 321 2936; x_wconf 67' lang='lat' dir='ltr'><strong>Vistorianam</strong></span> <span class='ocrx_word' id='word_1_167' title='bbox 336 2861 494 2938; x_wconf 68' lang='lat' dir='ltr'><strong>sequimurr</strong></span> <span class='ocrx_word' id='word_1_168' title='bbox 507 2861 617 2936; x_wconf 78' lang='lat' dir='ltr'><strong>elegant</strong></span> <span class='ocrx_word' id='word_1_169' title='bbox 666 2860 786 2937; x_wconf 84' lang='lat' dir='ltr'><strong>fimplici</strong></span> <span class='ocrx_word' id='word_1_170' title='bbox 806 2859 915 2937; x_wconf 86' lang='lat' dir='ltr'><strong>respicit</strong></span> <span class='ocrx_word' id='word_1_171' title='bbox 936 2861 1044 2919; x_wconf 86' lang='lat' dir='ltr'><strong>Cicero.</strong></span> <span class='ocrx_word' id='word_1_172' title='bbox 1084 2861 1158 2918; x_wconf 86' lang='lat' dir='ltr'><strong>Vide</strong></span> 
     </span>
     <span class='ocr_line' id='line_1_25' title="bbox 121 2939 1158 3018; baseline -0.007 -13"><span class='ocrx_word' id='word_1_173' title='bbox 121 2943 251 3005; x_wconf 77' lang='lat' dir='ltr'><strong>entmest</strong></span> <span class='ocrx_word' id='word_1_174' title='bbox 264 2941 466 3010; x_wconf 83' lang='lat' dir='ltr'><strong>Hellenismus,</strong></span> <span class='ocrx_word' id='word_1_175' title='bbox 480 2941 618 2997; x_wconf 72' lang='lat' dir='ltr'><strong>veteribus</strong></span> <span class='ocrx_word' id='word_1_176' title='bbox 666 2940 717 2998; x_wconf 91' lang='lat' dir='ltr'><strong>lib.</strong></span> <span class='ocrx_word' id='word_1_177' title='bbox 733 2941 790 2998; x_wconf 85' lang='lat' dir='ltr'><strong>xiv.</strong></span> <span class='ocrx_word' id='word_1_178' title='bbox 810 2942 845 2998; x_wconf 87' lang='lat' dir='ltr'><strong>ad</strong></span> <span class='ocrx_word' id='word_1_179' title='bbox 867 2940 957 2998; x_wconf 82' lang='lat' dir='ltr'><strong>Attio.</strong></span> <span class='ocrx_word' id='word_1_180' title='bbox 979 2941 1033 3018; x_wconf 84' lang='lat' dir='ltr'><strong>Ep.</strong></span> <span class='ocrx_word' id='word_1_181' title='bbox 1050 2939 1108 2999; x_wconf 81' lang='lat' dir='ltr'><strong>xiv.</strong></span> <span class='ocrx_word' id='word_1_182' title='bbox 1129 2951 1158 3007; x_wconf 75' lang='lat' dir='ltr'><strong>et</strong></span> 
     </span>
     <span class='ocr_line' id='line_1_26' title="bbox 122 3017 970 3101; baseline -0.007 -20"><span class='ocrx_word' id='word_1_183' title='bbox 122 3017 219 3081; x_wconf 79' lang='lat' dir='ltr'><strong>Poetis</strong></span> <span class='ocrx_word' id='word_1_184' title='bbox 229 3022 344 3101; x_wconf 83' lang='lat' dir='ltr'><strong>aliisque</strong></span> <span class='ocrx_word' id='word_1_185' title='bbox 355 3023 436 3080; x_wconf 78' lang='lat' dir='ltr'><strong>bonae</strong></span> <span class='ocrx_word' id='word_1_186' title='bbox 449 3032 522 3079; x_wconf 80' lang='lat' dir='ltr'><strong>notae</strong></span> <span class='ocrx_word' id='word_1_187' title='bbox 533 3019 618 3098; x_wconf 89' lang='lat' dir='ltr'><strong>scrip·</strong></span> <span class='ocrx_word' id='word_1_188' title='bbox 666 3021 757 3080; x_wconf 75' lang='lat' dir='ltr'><strong>Acar.</strong></span> <span class='ocrx_word' id='word_1_189' title='bbox 770 3021 820 3078; x_wconf 89' lang='lat' dir='ltr'><strong>lib.</strong></span> <span class='ocrx_word' id='word_1_190' title='bbox 834 3021 866 3078; x_wconf 89' lang='lat' dir='ltr'><strong>ii.</strong></span> <span class='ocrx_word' id='word_1_191' title='bbox 880 3039 906 3078; x_wconf 91' lang='lat' dir='ltr'><strong>c.</strong></span> <span class='ocrx_word' id='word_1_192' title='bbox 923 3032 970 3096; x_wconf 76' lang='lat'><strong>27.</strong></span> 
     </span>
     <span class='ocr_line' id='line_1_27' title="bbox 122 3097 1159 3182; baseline -0.001 -21"><span class='ocrx_word' id='word_1_193' title='bbox 122 3103 300 3161; x_wconf 75' lang='lat' dir='ltr'><strong>toribusnon</strong></span> <span class='ocrx_word' id='word_1_194' title='bbox 316 3101 486 3182; x_wconf 77' lang='lat' dir='ltr'><strong>infrequens.</strong></span> <span class='ocrx_word' id='word_1_195' title='bbox 514 3103 617 3159; x_wconf 88' lang='lat' dir='ltr'><strong>Lucre·</strong></span> <span class='ocrx_word' id='word_1_196' title='bbox 708 3097 724 3137; x_wconf 53' lang='grc' dir='ltr'><strong><em>Β</em></strong></span> <span class='ocrx_word' id='word_1_197' title='bbox 745 3100 827 3159; x_wconf 86' lang='lat' dir='ltr'><strong>Dolor</strong></span> <span class='ocrx_word' id='word_1_198' title='bbox 843 3098 979 3158; x_wconf 71' lang='lat' dir='ltr'><strong>diorum</strong></span> <span class='ocrx_word' id='word_1_199' title='bbox 992 3097 1070 3157; x_wconf 80' lang='lat' dir='ltr'><strong>babet</strong></span> <span class='ocrx_word' id='word_1_200' title='bbox 1087 3097 1159 3160; x_wconf 75' lang='lat' dir='ltr'><strong>laeti·</strong></span> 
     </span>
     <span class='ocr_line' id='line_1_28' title="bbox 121 3180 1159 3260; baseline -0.004 -18"><span class='ocrx_word' id='word_1_201' title='bbox 121 3183 192 3250; x_wconf 78' lang='lat' dir='ltr'><strong>lius,</strong></span> <span class='ocrx_word' id='word_1_202' title='bbox 209 3183 226 3240; x_wconf 93' lang='lat' dir='ltr'><strong>i.</strong></span> <span class='ocrx_word' id='word_1_203' title='bbox 246 3201 314 3244; x_wconf 83' lang='lat'>112.</span> <span class='ocrx_word' id='word_1_204' title='bbox 667 3181 871 3260; x_wconf 80' lang='lat' dir='ltr'><strong>tiaeplut,quam</strong></span> <span class='ocrx_word' id='word_1_205' title='bbox 881 3180 1009 3257; x_wconf 72' lang='lat' dir='ltr'><strong>molestia]</strong></span> <span class='ocrx_word' id='word_1_206' title='bbox 1023 3180 1068 3238; x_wconf 88' lang='lat' dir='ltr'><strong>Sic</strong></span> <span class='ocrx_word' id='word_1_207' title='bbox 1078 3201 1159 3239; x_wconf 87' lang='lat' dir='ltr'><strong>men·</strong></span> 
     </span>
     <span class='ocr_line' id='line_1_29' title="bbox 160 3260 1158 3343; baseline -0.004 -19"><span class='ocrx_word' id='word_1_208' title='bbox 160 3263 298 3324; x_wconf 80' lang='lat' dir='ltr'><strong>AEternas</strong></span> <span class='ocrx_word' id='word_1_209' title='bbox 326 3264 445 3343; x_wconf 80' lang='lat' dir='ltr'><strong>quoniam</strong></span> <span class='ocrx_word' id='word_1_210' title='bbox 469 3279 567 3342; x_wconf 82' lang='lat' dir='ltr'><strong>poenar</strong></span> <span class='ocrx_word' id='word_1_211' title='bbox 590 3260 619 3320; x_wconf 77' lang='lat' dir='ltr'><strong>in</strong></span> <span class='ocrx_word' id='word_1_212' title='bbox 666 3274 724 3320; x_wconf 87' lang='lat' dir='ltr'><strong>tem</strong></span> <span class='ocrx_word' id='word_1_213' title='bbox 738 3261 815 3320; x_wconf 84' lang='lat' dir='ltr'><strong>suam</strong></span> <span class='ocrx_word' id='word_1_214' title='bbox 838 3260 916 3319; x_wconf 85' lang='lat' dir='ltr'><strong>effert</strong></span> <span class='ocrx_word' id='word_1_215' title='bbox 936 3261 1091 3338; x_wconf 79' lang='lat' dir='ltr'><strong>Epicurus:</strong></span> <span class='ocrx_word' id='word_1_216' title='bbox 1124 3263 1158 3320; x_wconf 83' lang='lat' dir='ltr'><strong>Oi</strong></span> 
     </span>
     <span class='ocr_line' id='line_1_30' title="bbox 206 3339 1160 3423; baseline -0.005 -20"><span class='ocrx_word' id='word_1_217' title='bbox 206 3359 285 3404; x_wconf 80' lang='lat' dir='ltr'><strong>morte</strong></span> <span class='ocrx_word' id='word_1_218' title='bbox 297 3345 467 3403; x_wconf 72' lang='lat' dir='ltr'><strong>timendum.</strong></span> <span class='ocrx_word' id='word_1_219' title='bbox 665 3339 842 3423; x_wconf 59' lang='grc' dir='ltr'><strong>πολυχρόνιοι</strong></span> <span class='ocrx_word' id='word_1_220' title='bbox 857 3339 912 3400; x_wconf 77' lang='grc' dir='ltr'><strong>τῶν</strong></span> <span class='ocrx_word' id='word_1_221' title='bbox 930 3339 1075 3422; x_wconf 74' lang='grc' dir='ltr'><strong>αἶ’ῥωςιῶν</strong></span> <span class='ocrx_word' id='word_1_222' title='bbox 1088 3351 1160 3403; x_wconf 71' lang='grc' dir='ltr'><strong>πλε-</strong></span> 
     </span>
     <span class='ocr_line' id='line_1_31' title="bbox 120 3364 1188 3524; baseline -0.006 -42"><span class='ocrx_word' id='word_1_223' title='bbox 120 3425 162 3496; x_wconf 74' lang='lat' dir='ltr'><strong>Et</strong></span> <span class='ocrx_word' id='word_1_224' title='bbox 175 3425 216 3484; x_wconf 84' lang='lat' dir='ltr'><strong>vs.</strong></span> <span class='ocrx_word' id='word_1_225' title='bbox 235 3425 310 3503; x_wconf 75' lang='grc' dir='ltr'><strong>139.Ι</strong></span> <span class='ocrx_word' id='word_1_226' title='bbox 667 3419 766 3500; x_wconf 54' lang='lat' dir='ltr'><strong>treigoz«</strong></span> <span class='ocrx_word' id='word_1_227' title='bbox 780 3416 867 3524; x_wconf 61' lang='lat' dir='ltr'><strong>{xm</strong></span> <span class='ocrx_word' id='word_1_228' title='bbox 881 3417 912 3479; x_wconf 78' lang='lat' dir='ltr'><strong>ri</strong></span> <span class='ocrx_word' id='word_1_229' title='bbox 928 3364 1055 3499; x_wconf 62' lang='lat' dir='ltr'><strong>iliorum</strong></span> <span class='ocrx_word' id='word_1_230' title='bbox 1075 3421 1103 3478; x_wconf 74' lang='grc' dir='ltr'><strong>ἐν</strong></span> <span class='ocrx_word' id='word_1_231' title='bbox 1123 3418 1160 3501; x_wconf 71' lang='grc' dir='ltr'><strong>τῇ</strong></span> <span class='ocrx_word' id='word_1_232' title='bbox 1180 3438 1188 3452; x_wconf 90' lang='grc'><em>·</em></span> 
     </span>
     <span class='ocr_line' id='line_1_32' title="bbox 163 3495 1159 3584; baseline -0.008 -19"><span class='ocrx_word' id='word_1_233' title='bbox 163 3505 265 3565; x_wconf 75' lang='lat' dir='ltr'><strong>Murra</strong></span> <span class='ocrx_word' id='word_1_234' title='bbox 279 3505 354 3564; x_wconf 78' lang='lat' dir='ltr'><strong>novis</strong></span> <span class='ocrx_word' id='word_1_235' title='bbox 373 3503 460 3564; x_wconf 81' lang='lat' dir='ltr'><strong>verbis</strong></span> <span class='ocrx_word' id='word_1_236' title='bbox 475 3503 618 3584; x_wconf 58' lang='lat' dir='ltr'><strong>praesertim</strong></span> <span class='ocrx_word' id='word_1_237' title='bbox 668 3502 761 3582; x_wconf 71' lang='grc' dir='ltr'>σαρκὶ,</span> <span class='ocrx_word' id='word_1_238' title='bbox 782 3522 848 3581; x_wconf 51' lang='lat' dir='ltr'><strong>irrep</strong></span> <span class='ocrx_word' id='word_1_239' title='bbox 870 3495 902 3561; x_wconf 75' lang='lat' dir='ltr'><strong>ri</strong></span> <span class='ocrx_word' id='word_1_240' title='bbox 925 3497 1044 3581; x_wconf 72' lang='grc' dir='ltr'><strong>ἀλγοῦν.</strong></span> <span class='ocrx_word' id='word_1_241' title='bbox 1085 3502 1159 3558; x_wconf 84' lang='lat' dir='ltr'><strong>Vide</strong></span> 
     </span>
     <span class='ocr_line' id='line_1_33' title="bbox 80 3583 1159 3664; baseline -0.004 -20"><span class='ocrx_word' id='word_1_242' title='bbox 80 3621 91 3644; x_wconf 69' lang='grc' dir='ltr'><strong>ι</strong></span> <span class='ocrx_word' id='word_1_243' title='bbox 206 3587 469 3664; x_wconf 72' lang='lat' dir='ltr'><strong>cumfitagendurn.</strong></span> <span class='ocrx_word' id='word_1_244' title='bbox 668 3583 825 3660; x_wconf 84' lang='lat' dir='ltr'><strong>Diogenem</strong></span> <span class='ocrx_word' id='word_1_245' title='bbox 853 3583 1007 3652; x_wconf 74' lang='lat' dir='ltr'><strong>Laenium,</strong></span> <span class='ocrx_word' id='word_1_246' title='bbox 1035 3601 1064 3640; x_wconf 85' lang='lat' dir='ltr'><strong>x.</strong></span> <span class='ocrx_word' id='word_1_247' title='bbox 1093 3599 1159 3656; x_wconf 80' lang='lat'>140.</span> 
     </span>
     <span class='ocr_line' id='line_1_34' title="bbox 122 3663 821 3740; baseline -0.011 -12"><span class='ocrx_word' id='word_1_248' title='bbox 122 3667 234 3728; x_wconf 85' lang='lat' dir='ltr'><strong>lterum</strong></span> <span class='ocrx_word' id='word_1_249' title='bbox 254 3669 294 3724; x_wconf 84' lang='lat' dir='ltr'><strong>vs.</strong></span> <span class='ocrx_word' id='word_1_250' title='bbox 309 3667 378 3740; x_wconf 80' lang='lat'><strong>382.</strong></span> <span class='ocrx_word' id='word_1_251' title='bbox 414 3699 416 3702; x_wconf 94' lang='lat'>·</span> <span class='ocrx_word' id='word_1_252' title='bbox 558 3665 559 3670; x_wconf 73' lang='grc'>’</span> <span class='ocrx_word' id='word_1_253' title='bbox 668 3663 821 3722; x_wconf 74' lang='lat' dir='ltr'><strong>edhmll.</strong></span> 
     </span>
     <span class='ocr_line' id='line_1_35' title="bbox 162 3741 1160 3826; baseline -0.005 -20"><span class='ocrx_word' id='word_1_254' title='bbox 162 3747 321 3826; x_wconf 61' lang='lat' dir='ltr'><strong>Adigitur</strong></span> <span class='ocrx_word' id='word_1_255' title='bbox 332 3760 400 3806; x_wconf 79' lang='lat' dir='ltr'><strong>motu</strong></span> <span class='ocrx_word' id='word_1_256' title='bbox 410 3747 621 3826; x_wconf 70' lang='lat' dir='ltr'><strong>privandumest</strong></span> <span class='ocrx_word' id='word_1_257' title='bbox 710 3751 723 3780; x_wconf 74' lang='lat'><em>⁰</em></span> <span class='ocrx_word' id='word_1_258' title='bbox 738 3743 820 3802; x_wconf 80' lang='lat' dir='ltr'><strong>Homo</strong></span> <span class='ocrx_word' id='word_1_259' title='bbox 833 3741 926 3816; x_wconf 82' lang='lat' dir='ltr'><strong>catus]</strong></span> <span class='ocrx_word' id='word_1_260' title='bbox 943 3743 1049 3820; x_wconf 84' lang='lat' dir='ltr'><strong>Vulgo,</strong></span> <span class='ocrx_word' id='word_1_261' title='bbox 1058 3753 1160 3809; x_wconf 71' lang='lat' dir='ltr'><strong>cautus.</strong></span> 
     </span>
     <span class='ocr_line' id='line_1_36' title="bbox 204 3821 1161 3908; baseline -0.008 -22"><span class='ocrx_word' id='word_1_262' title='bbox 204 3847 322 3905; x_wconf 84' lang='lat' dir='ltr'><strong>corpora</strong></span> <span class='ocrx_word' id='word_1_263' title='bbox 334 3847 451 3908; x_wconf 73' lang='lat' dir='ltr'><strong>quaque.</strong></span> <span class='ocrx_word' id='word_1_264' title='bbox 670 3825 714 3884; x_wconf 82' lang='lat' dir='ltr'><strong>At</strong></span> <span class='ocrx_word' id='word_1_265' title='bbox 725 3845 760 3882; x_wconf 81' lang='lat' dir='ltr'><strong>ex</strong></span> <span class='ocrx_word' id='word_1_266' title='bbox 770 3825 866 3883; x_wconf 90' lang='lat' dir='ltr'><strong>Nonio</strong></span> <span class='ocrx_word' id='word_1_267' title='bbox 877 3824 907 3882; x_wconf 90' lang='lat' dir='ltr'><strong>in</strong></span> <span class='ocrx_word' id='word_1_268' title='bbox 920 3840 995 3881; x_wconf 83' lang='lat' dir='ltr'><strong>catus</strong></span> <span class='ocrx_word' id='word_1_269' title='bbox 1008 3821 1161 3880; x_wconf 78' lang='lat' dir='ltr'><strong>emendan-</strong></span> 
     </span>
     <span class='ocr_line' id='line_1_37' title="bbox 121 3901 1160 3988; baseline -0.009 -19"><span class='ocrx_word' id='word_1_270' title='bbox 121 3909 170 3969; x_wconf 79' lang='lat' dir='ltr'><strong>Ae</strong></span> <span class='ocrx_word' id='word_1_271' title='bbox 179 3909 249 3968; x_wconf 80' lang='lat' dir='ltr'><strong>alibi</strong></span> <span class='ocrx_word' id='word_1_272' title='bbox 261 3909 367 3988; x_wconf 73' lang='lat' dir='ltr'><strong>pnffim.</strong></span> <span class='ocrx_word' id='word_1_273' title='bbox 387 3909 458 3966; x_wconf 85' lang='lat' dir='ltr'><strong>Vide</strong></span> <span class='ocrx_word' id='word_1_274' title='bbox 469 3905 552 3986; x_wconf 81' lang='lat' dir='ltr'>Casp.</span> <span class='ocrx_word' id='word_1_275' title='bbox 562 3907 621 3964; x_wconf 87' lang='lat' dir='ltr'><strong>Sci·</strong></span> <span class='ocrx_word' id='word_1_276' title='bbox 670 3907 706 3964; x_wconf 83' lang='lat' dir='ltr'><strong>da</strong></span> <span class='ocrx_word' id='word_1_277' title='bbox 727 3904 792 3963; x_wconf 85' lang='lat' dir='ltr'><strong>sunt</strong></span> <span class='ocrx_word' id='word_1_278' title='bbox 813 3901 956 3963; x_wconf 74' lang='lat' dir='ltr'><strong>Ciceronis</strong></span> <span class='ocrx_word' id='word_1_279' title='bbox 980 3901 1160 3980; x_wconf 80' lang='lat' dir='ltr'><strong>exemplaria,</strong></span> 
     </span>
     <span class='ocr_line' id='line_1_38' title="bbox 124 3983 1160 4068; baseline -0.008 -21"><span class='ocrx_word' id='word_1_280' title='bbox 124 3992 260 4068; x_wconf 79' lang='lat' dir='ltr'><strong>oppium,</strong></span> <span class='ocrx_word' id='word_1_281' title='bbox 275 3989 364 4048; x_wconf 86' lang='lat' dir='ltr'><strong>Veris.</strong></span> <span class='ocrx_word' id='word_1_282' title='bbox 386 3990 434 4047; x_wconf 90' lang='lat' dir='ltr'><strong>lib.</strong></span> <span class='ocrx_word' id='word_1_283' title='bbox 450 3989 490 4046; x_wconf 88' lang='lat' dir='ltr'><strong>iii.</strong></span> <span class='ocrx_word' id='word_1_284' title='bbox 508 4007 535 4054; x_wconf 84' lang='lat' dir='ltr'><strong>c.</strong></span> <span class='ocrx_word' id='word_1_285' title='bbox 550 4005 579 4062; x_wconf 85' lang='lat'><strong>3.</strong></span> <span class='ocrx_word' id='word_1_286' title='bbox 594 3997 622 4045; x_wconf 77' lang='lat' dir='ltr'><strong>et</strong></span> <span class='ocrx_word' id='word_1_287' title='bbox 672 3988 747 4062; x_wconf 89' lang='lat' dir='ltr'><strong>quod</strong></span> <span class='ocrx_word' id='word_1_288' title='bbox 774 3985 929 4045; x_wconf 71' lang='lat' dir='ltr'><strong>Lambinus</strong></span> <span class='ocrx_word' id='word_1_289' title='bbox 958 3996 987 4042; x_wconf 86' lang='lat' dir='ltr'><strong>et</strong></span> <span class='ocrx_word' id='word_1_290' title='bbox 1019 3983 1160 4042; x_wconf 76' lang='lat' dir='ltr'><strong>Bentleiur</strong></span> 
     </span>
     <span class='ocr_line' id='line_1_39' title="bbox 124 4065 937 4150; baseline -0.005 -22"><span class='ocrx_word' id='word_1_291' title='bbox 124 4069 158 4150; x_wconf 84' lang='lat' dir='ltr'><strong>J.</strong></span> <span class='ocrx_word' id='word_1_292' title='bbox 168 4069 202 4128; x_wconf 79' lang='grc' dir='ltr'><strong>Ε.</strong></span> <span class='ocrx_word' id='word_1_293' title='bbox 212 4069 398 4140; x_wconf 80' lang='lat' dir='ltr'><strong>Gronovium,</strong></span> <span class='ocrx_word' id='word_1_294' title='bbox 412 4068 525 4127; x_wconf 86' lang='lat' dir='ltr'><strong>Observ.</strong></span> <span class='ocrx_word' id='word_1_295' title='bbox 540 4069 589 4126; x_wconf 91' lang='lat' dir='ltr'><strong>lib.</strong></span> <span class='ocrx_word' id='word_1_296' title='bbox 602 4067 622 4125; x_wconf 89' lang='lat' dir='ltr'><strong>l.</strong></span> <span class='ocrx_word' id='word_1_297' title='bbox 672 4065 745 4126; x_wconf 71' lang='lat' dir='ltr'><strong>recle</strong></span> <span class='ocrx_word' id='word_1_298' title='bbox 756 4077 937 4127; x_wconf 72' lang='lat' dir='ltr'><strong>monuerunt.</strong></span> 
     </span>
     <span class='ocr_line' id='line_1_40' title="bbox 127 4147 623 4228; baseline -0.004 -18"><span class='ocrx_word' id='word_1_299' title='bbox 127 4169 154 4210; x_wconf 86' lang='lat' dir='ltr'><strong>c.</strong></span> <span class='ocrx_word' id='word_1_300' title='bbox 172 4163 203 4228; x_wconf 81' lang='lat'><strong>7.</strong></span> <span class='ocrx_word' id='word_1_301' title='bbox 231 4151 275 4210; x_wconf 80' lang='lat' dir='ltr'><strong>Ex</strong></span> <span class='ocrx_word' id='word_1_302' title='bbox 288 4149 377 4210; x_wconf 82' lang='lat' dir='ltr'><strong>Ennii</strong></span> <span class='ocrx_word' id='word_1_303' title='bbox 394 4149 486 4208; x_wconf 75' lang='lat' dir='ltr'><strong>Iliona</strong></span> <span class='ocrx_word' id='word_1_304' title='bbox 498 4147 623 4208; x_wconf 67' lang='lat' dir='ltr'><strong>desumto</strong></span> 
     </span>
    </p>
   </div>
   <div class='ocr_carea' id='block_1_4' title="bbox 655 4245 705 4301">
    <p class='ocr_par' dir='ltr' id='par_1_4' title="bbox 655 4245 705 4301">
     <span class='ocr_line' id='line_1_41' title="bbox 655 4245 705 4301; baseline 0 0"><span class='ocrx_word' id='word_1_305' title='bbox 655 4245 705 4301; x_wconf 76' lang='lat'><strong>¹3</strong></span> 
     </span>
    </p>
   </div>
   <div class='ocr_carea' id='block_1_5' title="bbox 0 0 1417 4859">
    <p class='ocr_par' dir='ltr' id='par_1_5' title="bbox 0 0 1417 4859">
     <span class='ocr_line' id='line_1_42' title="bbox 0 0 1417 4859; baseline 0 0"><span class='ocrx_word' id='word_1_306' title='bbox 0 0 1417 4859; x_wconf 95' lang='lat' dir='ltr'><strong> </strong></span> 
     </span>
    </p>
   </div>
  </div>
 </body>
</html>
