2817 4859
429 351 588 414 urnnn
613 349 854 414 ruiturus.
1100 371 1156 438 ¹75

118 516 228 591 enim
252 513 327 588 fere
354 508 435 588 sunt
463 507 646 608 ejusmodi,
674 536 758 610 quae
783 511 906 588 Graeci
928 515 1010 592 «tsi
1035 519 1156 614 appel·

122 617 230 688 lant:
264 639 334 713 ego
358 629 517 711 poteram
541 610 689 697 morbos3
722 629 759 686 et
786 612 827 685 id
853 615 1004 687 verbum
1027 617 1114 688 effet
1138 643 1158 690 e

121 717 266 800 verb03
307 713 368 784 sed
402 713 439 784 in
473 709 765 784 consuetudinem
804 713 959 785 nostram
988 739 1063 786 non
1098 740 1157 789 ca·

120 815 240 885 deret.
292 812 389 884 Nam
409 807 576 897 misereri,
593 807 765 895 invidere,
783 809 921 907 gestire,
937 810 1061 901 laetari,
1077 814 1157 888 haec

122 910 251 984 omnia
282 908 407 982 morbos
436 905 558 982 Graeci
591 909 782 1004 appellant,
808 926 926 982 motus
954 909 1075 996 animi,
1103 937 1157 986 ra-

121 1008 217 1082 tioni
244 1033 319 1080 non
344 1009 650 1104 obtemperantes:
686 1031 751 1079 nos
779 1024 898 1079 autem
927 1007 992 1080 hos
1016 1009 1159 1084 eosdem

110 1125 248 1180 -motus
274 1105 444 1180 concitati
473 1102 581 1178 animi
609 1105 718 1193 redte,
748 1125 790 1178 ut
816 1103 956 1202 opinor,
963 1109 1158 1276 perturba-

125 1205 233 1278 tiones
249 1205 457 1290 dixerimus,
474 1200 596 1276 morbos
613 1221 732 1276 autem
746 1229 821 1276 non
843 1204 922 1277 satis
938 1231 962 1276 u
976 1223 1075 1291 itate,
1091 1207 1159 1282 nifi

120 1303 215 1401 quid
242 1303 339 1376 aliud
362 1302 430 1376 tibi
451 1300 603 1373 videtur.
655 1303 701 1374 A.
719 1302 818 1375 Mihi
840 1326 925 1376 vero
946 1303 1013 1377 isto
1034 1307 1155 1381 modo.

122 1402 186 1475 M.
223 1397 398 1474 Haeccine
429 1398 540 1497 igitur
572 1401 696 1472 cadere
725 1401 763 1472 in
797 1399 989 1498 sapientem
1022 1408 1155 1499 putari

124 1501 173 1574 A.
208 1500 355 1572 Prorsus
388 1497 564 1570 existimo.
623 1498 683 1570 Μ.
717 1499 790 1572 Nae
822 1499 887 1572 ista
915 1499 1067 1598 gloriosa
1102 1504 1156 1577 sa·

123 1597 262 1696 pientia
288 1624 360 1671 non
390 1620 521 1693 magno
546 1595 750 1670 aestimanda
781 1598 845 1685 est,
879 1598 1054 1696 siquidem
1081 1626 1156 1676 non

118 1699 286 1770 multum
302 1695 425 1768 differt
439 1697 484 1769 ab
502 1693 644 1768 insania.
688 1697 735 1768 A.
754 1695 855 1770 Quid
872 1699 885 1770 l
911 1697 979 1769 tibi
996 1697 1156 1774 omnisne

121 1795 237 1868 animi
265 1793 461 1868 commotio
486 1793 627 1866 videtur
651 1792 809 1866 mimia?
865 1795 925 1866 M.
951 1795 1039 1867 Non
1064 1799 1155 1872 mihi

124 1895 277 1992 quidem
295 1893 372 1982 soli,
389 1892 462 1981 sed,
479 1891 516 1964 id
533 1894 632 2002 quod
649 1891 813 1966 admirari
838 1893 929 1990 saepe
954 1892 1061 1980 soleo,
1078 1919 1156 1970 ma.

119 1994 262 2087 joribus
282 2015 426 2102 quoque
448 1989 575 2064 nostns
600 1992 668 2064 hoc
686 1991 736 2064 ita
752 1990 866 2064 visum
882 1990 1044 2090 intelligo
1060 1996 1156 2068 mul-

122 2094 173 2164 tis
185 2092 318 2164 saeculrs
330 2111 409 2162 ante
424 2091 602 2162 Socratem
606 2115 648 2180 ,a
662 2115 735 2186 quo
752 2091 830 2162 haec
844 2089 992 2179 ‘omnia
1004 2117 1088 2189 quae
1102 2095 1156 2169 est

124 2193 176 2263 de
201 2189 275 2261 vita
301 2207 338 2262 et
365 2191 410 2260 de
439 2189 609 2277 moribus,
636 2187 860 2285 philosophia
889 2191 1055 2263 manavit.
1105 2194 1154 2266 A.

123 2289 301 2362 Quonam
316 2290 460 2360 tandem
477 2289 583 2358 modo
602 2289 614 2358 l
658 2287 718 2358 M.
735 2287 830 2360 Quia
854 2311 985 2358 nomen
1008 2286 1155 2362 insaniae

123 2384 312 2486 fignificat
337 2385 464 2458 mentis
497 2382 766 2483 aegrotationem
793 2402 829 2457 et
860 2387 1039 2473 morbum,
1070 2383 1104 2486 [u
1117 2389 1155 2460 id

172 2647 304 2720 ‘Omma
324 2670 384 2728 qaae
405 2651 439 2728 est
458 2649 490 2708 de
510 2650 570 2708 vita
592 2664 617 2707 ιι
666 2651 716 2720 cis,
738 2651 846 2708 Ethicir
871 2653 979 2728 agebat.
1021 2650 1153 2712 Praeceslit

123 2729 161 2789 de
174 2729 297 2804 mribus]
319 2731 404 2799 Cum,
417 2732 466 2806 qui
480 2731 617 2788 Socratem
666 2751 731 2789 vero
758 2732 930 2789 luculentum
956 2734 991 2788 de
1013 2734 1154 2793 Socratica

125 2821 215 2870 aetate
234 2812 380 2887 praeibant‚
401 2810 557 2887 philosophi
577 2830 618 2868 rea
665 2810 877 2887 philosophandi
901 2812 1007 2868 ratione
1030 2814 1154 2872 testimo·

127 2891 255 2969 physicas
268 2891 581 2968 praecipueytradlarent,
596 2891 618 2947 is
664 2893 756 2957 nium,
768 2893 814 2948 cui
827 2891 908 2969 plura
920 2891 1020 2948 similia
1032 2893 1094 2948 aliia
1107 2894 1153 2950 in-

122 2971 617 3126 {ltdlllthlhltlll
665 2969 1007 3110 lhtlffhtllt.
1030 2972 1153 3127 iilis

123 3131 270 3198 Laertius,
282 3131 330 3188 lib.
344 3131 374 3188 ii.
390 3137 416 3204 ς.
432 3149 478 3188 20.
492 3131 540 3186 ubi
555 3132 617 3206 plu·
666 3131 857 3198 Ladtamium,
872 3131 940 3187 Div.
957 3131 1023 3188 Inst.
1044 3132 1094 3191 lib.
1108 3133 1152 3192 iii.

124 3233 161 3270 ra
194 3211 323 3288 congessit
356 3211 428 3287 AEg.
458 3211 616 3286 Menagiur.
664 3229 689 3270 c.
707 3229 753 3284 13.
786 3211 992 3287 Hieronymum
1014 3212 1042 3267 in
1057 3212 1153 3271 Rufin.

123 3289 251 3350 Fallitur
270 3301 364 3350 autem
383 3293 426 3348 vir
446 3291 492 3347 ille
511 3290 617 3356 dodun,
664 3290 714 3346 lib.
734 3292 774 3349 iii.
794 3311 823 3366 p.
845 3303 914 3367 534.
950 3292 1154 3366 Augustinum,

124 3372 427 3448 cumsicloquitur:“
438 3371 531 3428 Etiam
542 3371 618 3428 The·
665 3371 700 3427 C.
716 3371 753 3427 D.
769 3371 828 3427 viii.
842 3389 872 3442 3.
905 3371 1046 3439 Senecam,
1063 3373 1154 3449 Epist.

124 3461 147 3486 ‘¹
163 3452 283 3520 millius,
312 3452 393 3510 Orat.
421 3471 466 3508 xv.
496 3449 592 3507 Philos
606 3479 617 3492 ·
666 3451 735 3508 lxxi.
767 3449 927 3515 Eusebium,
942 3451 1153 3527 PraepEvang.

125 3539 147 3566 ‘·
165 3532 265 3608 phiam
300 3531 412 3608 sparsim
447 3531 618 3588 habitantem
666 3531 715 3586 lib.
729 3530 748 3587 i.
768 3549 831 3606 cap.
848 3531 875 3586 8.
896 3540 923 3586 et
937 3529 986 3587 lib.
1001 3551 1047 3587 xv.
1064 3551 1089 3589 c.
1103 3533 1166 3591 62.

123 3619 147 3646 “
163 3611 279 3687 coegisse
293 3623 376 3688 atque
394 3612 424 3668 in
443 3629 532 3667 unum
553 3629 618 3667 con·
665 3609 785 3684 denique
804 3610 1018 3678 'l'hoodoretum
1030 3611 1154 3686 Therap.

122 3701 149 3728 ‘¹
162 3691 273 3750 traxisse
305 3692 356 3760 ait,
382 3691 619 3766 quemadmodum
668 3690 705 3745 iv.
720 3709 749 3764 p.
763 3691 812 3747 60.
824 3691 867 3746 ed.
882 3691 963 3747 Com.
990 3691 1105 3748 Videtis
1117 3692 1153 3749 ad

122 3780 146 3808 “
161 3775 291 3830 Athenas
323 3772 468 3828 Theseu-13¹
519 3771 620 3839 Iocus,
668 3769 717 3828 lib.
731 3789 757 3826 v.
771 3789 796 3827 e.
810 3789 839 3844 4.

124 3872 215 3930 quern
241 3854 272 3909 in
297 3851 393 3910 animo
412 3851 518 3918 habuit,
534 3852 619 3908 exstat
707 3859 721 3886 ⁸
748 3849 784 3906 Id
805 3851 850 3925 est,
869 3849 1155 3929 immutarem-instr-

124 3931 212 3990 Oui.
226 3933 305 3990 xxvi.
323 3950 388 4008 pag.
403 3932 471 4005 318.
485 3931 527 3989 ed.
542 3932 618 3988 Har·
667 3922 753 4005 niam]
768 3931 843 3988 Cum
855 3929 1070 4006 praestantissimo
1080 3930 1154 3990 Ben-

124 4013 210 4070 duin.
223 4031 275 4070 nec
286 4013 321 4070 de
336 4013 445 4070 Socrate
458 4011 499 4068 vel
518 4012 620 4068 dicitur
668 4010 744 4077 ueto,
756 4030 789 4068 ea
801 4010 898 4067 omnia
911 4029 976 4084 quae
986 4010 1079 4069 cintia
1090 4011 1156 4072 suot

127 4091 176 4148 vel
189 4093 242 4150 dici
264 4092 367 4169 potuit,
380 4091 424 4228 sep
444 4091 477 4148 de
497 4092 620 4160 Platone,
669 4091 757 4161 uncis,
772 4090 886 4149 insititia
895 4087 1001 4164 judico.
1014 4090 1020 4100 '

125 4171 181 4249 qui
194 4171 228 4230 de
247 4175 328 4230 rebus
342 4172 401 4233 Dia
411 4171 514 4239 edicit,
528 4173 620 4248 Physt-
