2817 4859
368 241 427 302 AD
446 243 618 308 TUSCUL.
639 244 975 306 DISPUTATIONES.
1129 248 1188 323 483

148 415 268 488 rameri,
284 419 359 496 cajus
377 421 507 496 ditium,
530 423 629 503 Spatia,
643 440 738 504 quanto
747 428 904 505 pariuntur,
929 422 1074 494 Militibus,
1084 425 1189 503 quomis

144 520 239 598 patuit.
281 521 393 583 Horum
414 523 608 600 exemplorum
628 524 746 601 speciem
761 525 780 582 sr
794 535 901 585 attente
912 525 1081 590 oonsrdereer
1103 523 1187 583 iutel-

149 615 218 692 tigre
238 618 591 704 prosedo-Hellenismum
614 622 688 686 hune
709 641 766 678 non
790 621 863 698 polle
882 622 974 699 aptari
996 621 1051 692 isti,
1070 621 1105 680 de
1129 641 1187 697 quo

149 716 272 789 agimur,
287 715 366 776 luco:
389 717 437 774 ubi
458 717 528 774 nibil
549 717 586 774 est
610 717 734 785 illarum,
752 737 872 794 quarum
893 718 1031 786 diximus,
1048 715 1187 774 conditio·

148 829 229 868 num.
271 811 335 874 Hoc
341 811 423 870 enim
437 813 456 866 si
471 811 575 887 ubique
590 811 692 888 liceret,
705 813 799 878 omnia
814 811 909 872 Latini
923 809 1056 869 sermonis
1070 810 1143 870 ratio
1155 821 1185 867 et

146 907 277 982 analogia
298 909 379 984 plane
399 919 607 985 perverteretur.
651 909 731 966 Quid
749 928 817 985 ergo
838 907 907 964 fiet?
929 918 977 966 aut
991 927 1050 984 quo
1070 907 1183 968 tandem

147 1004 232 1080 padio
247 1005 291 1062 bic
311 1007 398 1062 nodus
419 1005 558 1064 solvetur?
593 1007 626 1064 Id
647 1025 712 1062 vero
732 1006 811 1062 nullo
831 1004 962 1081 negotio:
985 1004 1091 1080 quippe
1105 1023 1185 1070 meu·

145 1101 244 1158 dolum
259 1102 296 1160 est
311 1103 380 1162 illud
398 1102 577 1181 Complellitar
586 1128 595 1174 i
616 1105 692 1180 quud
706 1103 743 1160 sic
759 1103 990 1165 emendandum:
1012 1105 1057 1158 An
1076 1097 1184 1158 dulium

144 1199 190 1274 (ſs,
204 1199 266 1276 quin
286 1197 400 1275 aihilſst
418 1199 562 1261 leuberedum
581 1201 607 1258 iu
626 1220 654 1261 to
668 1218 772 1277 genere,
785 1217 851 1258 nuo
872 1199 934 1256 vita
952 1195 1028 1259 beata
1044 1214 1183 1268 conruu-

147 1316 212 1356 run
227 1301 237 1354 ?
267 1299 346 1358 Ouid
361 1319 436 1358 nunc
450 1299 578 1356 videtur?
600 1319 673 1356 nova
688 1299 747 1368 lux,
759 1297 871 1373 opinor,
884 1295 1016 1355 exoritur.
1050 1295 1095 1351 Ita
1109 1292 1184 1364 Nos·

146 1405 190 1452 ter
210 1398 262 1454 hnc
285 1396 343 1472 ipso
362 1396 444 1466 libro,
463 1415 526 1472 cup.
546 1395 591 1457 16.
633 1397 737 1456 Dicunt
753 1394 794 1452 illi
815 1392 937 1472 quiden:
947 1391 999 1470 sed
1015 1390 1055 1450 his
1079 1409 1181 1450 rrruu

147 1511 273 1554 unirent
296 1513 458 1554 conruunt
480 1508 584 1572 negant.
620 1494 666 1556 De
681 1493 808 1561 Finibus,
823 1492 863 1550 iii.
882 1509 928 1564 13.
950 1488 995 1548 Illi
1013 1490 1079 1549 enim
1097 1504 1182 1567 corpo·

144 1592 181 1652 ris
195 1590 326 1652 conmodis
340 1591 473 1668 compleri
487 1593 575 1650 vitam
591 1593 700 1652 beatam
715 1599 829 1668 putant,
842 1589 918 1665 nostri
929 1587 996 1645 nihil
1007 1590 1101 1644 mrim.
1121 1586 1181 1647 lbi·

143 1689 218 1759 dem,
235 1691 272 1748 iv.
289 1707 334 1750 20,
372 1690 484 1765 Negatis
497 1689 585 1750 vitani
605 1691 716 1748 beatam
735 1684 792 1763 eſse,
806 1705 866 1763 qaae
884 1684 997 1760 expleta
1006 1685 1046 1760 fit
1066 1680 1183 1747 mambre

144 1785 229 1852 rebus,
240 1807 312 1864 quar
319 1801 416 1848 narrem
429 1785 479 1863 ds
468 1785 566 1844 deret
560 1797 651 1846 ·.etv
671 1803 715 1858 13.
727 1785 770 1844 Ea
783 1783 849 1846 enim
863 1781 1068 1860 vitaeepetitur,
1077 1781 1182 1858 quaeſst

142 1885 225 1946 animi
222 1883 390 1963 'repensque
405 1885 520 1960 expleta
528 1882 683 1944 virtutibus.
752 1915 756 1922 ·

185 1982 259 2056 Cap.
274 1983 330 2040 xvi.
356 1981 673 2059 Virigitarrerrperatus,
685 1980 808 2055 constans,
812 1981 872 2058 ſsnt
884 1991 963 2044 metu,
968 1919 1029 2054 fine
1041 1972 1181 2052 agritudi-
1288 1970 1291 1974 ⁴

143 2099 184 2144 tre,
195 2080 255 2155 fine
271 2077 407 2138 alamtate
425 2079 483 2136 ulla
486 2080 564 2154 ,ſsut
575 2075 686 2144 libidine,
700 2097 779 2135 neam
792 2076 880 2136 beatus
891 2075 924 2148 θ]
947 2074 992 2131 Ita
1004 2090 1102 2130 omnes
1119 2071 1180 2128 edi·

143 2175 234 2233 tiones
247 2173 419 2251 codicesque,
430 2195 480 2250 qur
472 2175 575 2236 'hodie
589 2173 747 2250 supersunt3
762 2173 918 2250 quinetiam
933 2180 961 2226 et
971 2168 1085 2227 Nouiur
1097 2168 1179 2226 Mar-

142 2275 240 2340 cellum
254 2275 283 2332 in
298 2295 326 2334 v.
341 2273 484 2338 Alacritas,
498 2273 516 2328 fi
529 2272 679 2330 editoribus
694 2268 772 2328 fider.
806 2271 1018 2335 Verumtamen,
1032 2273 1083 2322 aut
1095 2261 1180 2340 plene

143 2372 224 2434 nullo
238 2371 298 2431 snm
310 2369 428 2448 judicio,
438 2379 487 2430 aut
501 2368 582 2428 lediio
595 2371 654 2428 boec
670 2387 686 2433 a
700 2367 775 2425 mala
788 2365 936 2432 mauu-esi,
945 2374 975 2422 et
987 2359 1119 2422 Cineroni
1134 2359 1179 2419 in·

141 2467 274 2526 ficiauda.
316 2466 458 2526 Quorsum
476 2467 554 2524 enirn
565 2467 625 2542 fine
639 2485 723 2524 utun
738 2466 902 2524 alacritate?
938 2461 1019 2522 Quid
1034 2461 1083 2518 fibi
1096 2480 1178 2527 uom-

143 2567 248 2624 meruit
269 2565 402 2632 alacritas,
416 2575 457 2632 ut,
470 2585 538 2624 cum
558 2573 658 2622 caetera
679 2563 728 2625 illu
741 2577 831 2630 metus,
845 2558 983 2639 egritudo,
995 2555 1083 2626 libide,
1097 2557 1177 2614 nullo

143 2661 270 2738 epitheto
290 2662 337 2720 hic
359 2661 539 2729 damnentur,
560 2659 618 2737 ipsa
638 2661 714 2736 quasi
736 2662 867 2719 omniurn
891 2657 1042 2723 teterrima,
1065 2675 1100 2712 ne
1119 2653 1177 2715 ulla

141 2759 258 2835 quidem
281 2757 385 2819 inviro
404 2757 615 2816 constanteeffe
635 2759 754 2816 debeat?
776 2777 812 2814 an
828 2760 900 2816 hanc
919 2755 1007 2813 tribur
1027 2753 1084 2808 iilis
1097 2749 1175 2830 pejo·

142 2875 203 2914 rem
216 2856 266 2914 esst
280 2856 447 2914 credendum
460 2855 518 2914 est?
541 2857 633 2931 Atqui
648 2865 760 2913 tantum
774 2854 848 2912 abest
860 2866 893 2912 ut
908 2850 985 2930 pejor
997 2851 1049 2922 fit,
1070 2859 1105 2908 ut
1115 2848 1176 2926 ipsa

142 2971 194 3029 per
207 2951 233 3009 se
248 2951 312 3026 (nid
327 2953 443 3012 modum
460 2951 703 3024 sorte'ercess'erit)
725 2951 864 3010 laudanda
883 2951 918 3008 sit
939 2960 1024 3026 atque
1042 2947 1177 3026 oprande.

141 3047 189 3108 Ita
203 3046 275 3123 saepe
288 3047 389 3108 uouer
403 3047 432 3106 in
450 3045 485 3114 se,
500 3030 529 3106 in
549 3045 656 3114 amicir,
670 3047 701 3106 in
721 3056 780 3104 totu
800 3047 903 3106 Senatu
920 3043 1082 3105 alacritatem
1102 3062 1175 3121 prm⁴

140 3145 227 3204 dicet.
270 3147 315 3204 Ac
336 3143 459 3223 protetio
472 3145 523 3222 qui
536 3146 590 3202 fine
604 3143 661 3202 ulla
673 3143 813 3204 alacritate
825 3143 960 3211 eti,.ideru
975 3141 1008 3199 fit
1019 3141 1105 3209 iners,
1119 3152 1176 3198 tor·

141 3245 238 3320 pidre,
252 3242 353 3320 segnis,
372 3244 499 3318 ignarus,
521 3262 603 3318 eger,
625 3241 749 3310 moestus,
770 3240 852 3300 miser
868 3240 989 3316 denique
1006 3236 1106 3296 neeesse
1124 3236 1174 3296 est.

143 3339 226 3403 Quid
238 3341 324 3416 ergo?
346 3351 377 3396 tu
393 3339 462 3400 illud
476 3357 560 3398 utne
582 3339 610 3398 in
633 3339 735 3396 malam
758 3357 815 3396 rem
838 3337 877 3394 ire
892 3334 971 3410 jube,
990 3344 1020 3390 et
1036 3333 1097 3408 iege
1111 3351 1175 3389 meo
1245 3320 1247 3325 ¹

141 3435 278 3514 periculo,
294 3436 355 3504 Sine
369 3447 444 3499 utera.
455 3439 514 3510 ſsne
525 3433 689 3511 agutudim,
693 3435 753 3509 ſsnc
762 3432 899 3493 alacritate
911 3430 967 3488 FU
969 3427 1059 3494 ml,
1069 3428 1128 3504 ſsnc
1140 3426 1174 3483 li-

141 3533 238 3594 br'dint.
278 3533 428 3594 Nimirum
448 3551 513 3590 cum
534 3531 683 3596 secundum
705 3531 811 3590 stoicos
824 3528 1065 3606 perturbationum
1081 3538 1174 3603 parter
1215 3546 1218 3551 ·

140 3633 196 3692 fint
209 3641 339 3708 quotuor,
352 3627 488 3707 egritudo,
502 3641 591 3697 metus,
604 3627 691 3695 libide,
706 3608 867 3704 laeieiastve
878 3625 1020 3696 alacritas3
1043 3626 1115 3682 hanc
1128 3625 1174 3681 ul-

140 3726 254 3796 timam,
275 3727 342 3804 quia
362 3745 440 3784 vocer
462 3726 518 3786 iilre
538 3746 587 3802 per
606 3726 633 3782 se
653 3725 772 3784 honestae
790 3723 864 3792 suut,
877 3735 905 3782 et
924 3723 1024 3800 saepius
1043 3723 1072 3779 in
1092 3721 1174 3787 laude

135 3843 228 3901 ,qnam
245 3824 274 3882 in
290 3823 359 3882 vitio
379 3831 532 3898 ponuntur,
550 3819 658 3899 semper
676 3822 801 3899 epitheto
819 3821 916 3896 aliquo
935 3818 1102 3886 dehonestat,
1114 3837 1174 3892 quo

140 3920 302 3981 ostendatur
320 3938 382 3976 eam
404 3927 461 3976 aut*
472 3915 540 3977 tineo
560 3915 621 3976 suos
640 3917 778 3983 excedere,
791 3927 841 3975 aut
861 3915 937 3974 meda
954 3915 990 3972 de
1002 3912 1084 3972 causa
1094 3913 1173 3972 oriri.

138 4019 188 4082 stc
207 4017 291 4078 Tusc.
306 4017 343 4078 iv.
360 4036 389 4090 4.
421 4015 460 4082 Re
480 4026 536 4086 aut,
558 4015 661 4092 inquit,
679 4014 741 4087 dua
760 4011 970 4094 perturbationes,
993 4009 1173 4078 LAETITIA

666 4133 676 4170 1
695 4133 704 4170 ι
719 4130 736 4171 a
