2817 4859
269 358 326 440 248
468 351 1074 426 TUSCUL.DI'SPUTAT10NUM

267 522 401 597 ratione
426 522 564 597 animus
589 540 754 598 movetur
776 524 915 623 placide
941 542 1046 625 atque
1077 522 1299 610 constanter,

267 640 345 694 tum
363 620 452 693 illud
467 621 637 719 gaudium
651 622 805 697 dicitur:
833 648 917 711 cum
943 642 1062 695 autem
1088 620 1236 693 inaniter
1256 640 1300 695 et

268 720 379 808 effirse
405 720 541 802 animus
567 722 731 806 exsultat,
748 742 826 795 tum
851 707 911 797 illa
926 721 1050 794 laetitia
1067 719 1217 837 gestiens
1234 720 1301 791 vel

270 817 380 891 nimia
396 820 468 891 dici
485 821 622 917 potest:
650 822 824 917 quam'ita
841 821 1029 909 definiunt,
1044 822 1126 892 Sine
1144 817 1302 905 ratione,

270 916 380 989 animi
402 920 602 995 clationem.
654 920 906 1017 Quoniamque
922 937 963 992 ut
980 922 1073 991 bona
1090 936 1213 990 natura
1231 940 1304 1013 ap7

270 1013 436 1117 petimus,
454 1018 504 1089 fic
521 1042 541 1089 a
558 1016 657 1089 malis
684 1036 806 1092 natura
830 1016 1070 1102 declinamus:
1097 1016 1202 1113 ‘'quae
1230 1018 1303 1087 de·

271 1114 419 1188 clinatio
443 1140 528 1187 cum
553 1115 686 1188 ratione
713 1117 789 1202 fiet,
815 1116 933 1190 cautio
958 1117 1165 1215 appelletur,
1181 1138 1305 1213 eaque

272 1212 490 1311 intelligatur
515 1213 551 1287 in
578 1215 653 1287 solo
677 1216 747 1287 esse
774 1215 952 1314 sapiente:
979 1240 1060 1312 quae
1084 1228 1203 1287 autern
1221 1214 1304 1285 fine

273 1310 421 1401 ratione,
437 1330 475 1384 et
498 1318 584 1386 cum
608 1313 869 1387 exanimatione
894 1314 1019 1387 humili
1045 1334 1150 1413 atque
1167 1312 1305 1395 frasta,

273 1409 475 1484 nominetur
499 1429 636 1485 metus:
664 1414 716 1485 est
742 1412 850 1511 igitur
865 1426 878 1459 ⁶
895 1432 1009 1486 metus
1026 1412 1159 1485 ratione
1178 1412 1306 1483 aversa

274 1508 404 1583 cautio.
467 1510 674 1585 ‘Praesentis
702 1531 823 1585 autem
857 1512 939 1585 mali
974 1511 1118 1609 sapienti
1151 1509 1305 1581 affectio

274 1610 374 1683 nulla
397 1610 472 1682 est:
500 1608 614 1683 stultis
638 1627 757 1683 autern
783 1614 959 1709 aegritudo
985 1612 1047 1695 est,
1072 1636 1112 1681 ea
1129 1634 1201 1707 qua
1219 1608 1305 1680 affi-

275 1706 421 1781 ciuntur
445 1708 483 1781 in
507 1707 607 1781 malis
632 1706 796 1807 opinatis,
813 1711 1018 1807 animosque
1043 1709 1241 1781 demittunt
1268 1724 1306 1779 et

275 1808 504 1897 contrahunt,
542 1807 669 1879 rationi
709 1832 781 1880 non
819 1811 1112 1907 obtemperantes.
1173 1806 1305 1903 Itaque

276 1904 357 1978 lraec
373 1905 487 2003 prima
503 1906 668 1979 definitio
685 1908 748 1997 est,
766 1924 806 1979 ut
822 1921 837 1968 ἕ
847 1906 1022 2005 aegritudo
1038 1906 1081 1977 fit
1098 1901 1221 1987 animi,
1238 1906 1307 1975 ad·

277 2004 433 2090 versante
459 2005 605 2095 ratione,
635 2006 847 2079 contradlio.
900 2005 957 2078 Sic
984 2023 1136 2103 quatuor
1159 2020 1308 2106 pertur-

277 2288 345 2357 tina,
358 2288 407 2347 vii.
424 2307 488 2365 114.
499 2289 542 2347 ed.
552 2288 643 2359 Anasi.
669 2283 764 2363 Ἡδονή
812 2288 950 2367 exscripsit
976 2287 1073 2345 Suidas
1102 2285 1131 2343 in
1156 2278 1307 2345 εὖσᾶθεια.

279 2368 341 2434 ἕσιν
358 2365 465 2447 ἄλογος
482 2366 596 2450 ἔπαρσις
613 2366 653 2444 ἐφ’
667 2366 767 2449 αἱρεσῷ
813 2371 886 2429 Vide
902 2386 950 2427 noa
964 2366 1046 2433 infra,
1057 2386 1117 2443 cap.
1133 2365 1211 2423 xxxi.

279 2448 398 2507 δοκοῦντι
421 2446 562 2529 ὑπάρχειν.
603 2451 641 2509 Et
659 2454 685 2523 ς.
699 2450 765 2507 116.
855 2458 867 2486 ⁸
888 2450 977 2507 Matar
991 2448 1087 2505 ratione
1096 2444 1189 2505 aversa
1202 2444 1307 2517 cautio]

279 2526 336 2601 Τὴν
353 2532 406 2609 μὲν
425 2532 523 2622 χαράν
543 2526 766 2599 ἐναντίανφασὶν
815 2530 921 2605 Vulgo,
942 2528 1069 2604 adversim
1095 2537 1191 2583 contra
1215 2541 1307 2601 quam

281 2606 346 2686 εἶναι
371 2607 409 2690 τῇ
432 2608 519 2688 adoni,
549 2604 620 2668 ἔσαν
650 2603 767 2687 εὔλογον
816 2612 912 2667 volunt
946 2607 1133 2666 Gebhardiani
1168 2605 1310 2683 quinque,

280 2683 406 2768 ἔπαρσιν.
441 2691 544 2747 Eadem
560 2690 658 2766 repetit
671 2690 768 2747 Suidaa
818 2692 889 2767 Reg.
905 2691 1041 2747 Pithoean.
1057 2688 1133 2745 Med.
1147 2698 1173 2743 et
1189 2687 1268 2743 Balr.

281 2769 311 2827 in
340 2764 426 2844 ἡδονὴ,
453 2766 546 2849 χαρὰ,
565 2782 593 2827 et
621 2767 768 2827 εὐστάθεια.
861 2768 1025 2845 ‘Praesento
1048 2782 1132 2825 autam
1153 2764 1215 2823 malt
1237 2765 1311 2842 sapi·

281 2850 356 2907 Vide
372 2860 401 2907 et
413 2850 588 2907 Clementem
602 2850 769 2909 Alexandri·
816 2851 876 2909 enti
889 2850 989 2926 afflfflo
999 2848 1072 2905 nulla
1084 2850 1117 2923 est
1125 2871 1135 2903 :
1157 2846 1252 2903 stultis
1262 2866 1311 2903 αιι-

283 2950 363 2999 num,
377 2932 485 3005 Paedag.
497 2932 546 2989 lib.
561 2931 615 2987 i.c.
631 2950 641 2987 r
647 2950 676 3005 3.
701 2931 771 2989 Hie·
820 2942 868 2989 tem
892 2928 1033 3007 aegriturlo]
1058 2928 1104 2986 Est
1124 2948 1140 2983 a
1162 2927 1208 2984 cl.
1238 2928 1312 2983 Ben-

284 3030 434 3088 ronyrnurn
459 3012 488 3068 in
507 3012 595 3088 Epist.
618 3012 653 3069 ad
675 3012 771 3070 Galat.
821 3012 894 3068 tleio.
936 3010 1040 3087 Vulgo,
1058 3008 1183 3085 ſsrpiantis
1207 3007 1312 3081 affiHio

284 3092 773 3168 c,v.p.r53.etnosadFin.ii.4.
821 3090 957 3165 nullaast:
968 3090 1047 3167 stulti
1067 3102 1151 3145 αιιισιιι
1170 3091 1222 3144 dcc.
1270 3090 1311 3145 At

325 3167 433 3243 Qua
451 3170 589 3230 declinatio
602 3192 659 3228 rum
679 3172 774 3230 ratim
823 3174 850 3229 in
865 3171 1004 3229 codicibus
1021 3170 1058 3227 est
1068 3168 1155 3244 stulta
1168 3177 1258 3225 autem
1274 3186 1311 3223 ιε-
1407 3206 1408 3219 .

275 3248 329 3323 fiet
349 3252 415 3325 Sto]
437 3251 540 3327 Vulgo,
564 3271 624 3329 quae
642 3250 774 3309 &asnatica
818 3250 933 3328 gritudo.
966 3250 1049 3309 Nihil
1064 3246 1313 3324 tameujuvatilla

287 3331 376 3388 fiam
391 3332 486 3388 ratione
496 3328 557 3401 fiet.
598 3333 673 3397 Vox,
686 3350 774 3407 quarn
822 3332 948 3389 variatio.

286 3411 449 3477 delevimus,
470 3412 646 3480 abundabat3
666 3420 700 3468 ut
713 3412 775 3469 ani·
863 3422 877 3461 ε
898 3409 1043 3487 AEgritudo
1052 3411 1092 3485 fit
1106 3408 1197 3473 αιιὶιιιὶ,
1214 3406 1312 3465 adoer-

290 3493 440 3566 tnadvertit
454 3492 499 3548 Cl.
521 3492 676 3565 Bentleius,
712 3494 775 3549 An·
814 3493 893 3569 same
906 3492 1009 3555 ratione,
1022 3488 1170 3561 atterutro]
1185 3489 1217 3544 Si
1232 3488 1313 3553 Grae·

288 3574 428 3640 dronicus,
450 3592 513 3670 pag.
537 3588 604 3649 523,
646 3570 730 3639 Φόξος
755 3568 776 3627 δ’
823 3594 856 3631 ca
879 3572 1017 3636 defideres,
1038 3570 1148 3627 exhibet
1174 3568 1314 3637 Stobaens,

288 3650 349 3715 ἕσιν
361 3646 468 3731 ἄλογος
479 3648 777 3720 amarer-triadem
826 3652 920 3728 Eclog.
936 3652 1026 3707 Ethic.
1041 3671 1069 3726 p.
1085 3649 1150 3725 176.
1163 3648 1208 3705 ed,
1223 3652 1314 3705 Antv.
1406 3643 1407 3664 ¹

290 3732 330 3803 δὲ,
342 3730 457 3810 εὔλογος
471 3728 604 3799 ἔκκλισις.
628 3733 778 3808 Diogenes,
825 3752 883 3808 qno
903 3741 1025 3798 notante,
1039 3730 1123 3789 Stoici
1137 3728 1255 3785 tradunt
1266 3724 1316 3785 λύ·

290 3814 341 3873 vii.
374 3814 441 3871 116.
491 3810 547 3886 Τήν
574 3811 601 3869 δὲ
629 3808 778 3871 alaudem
816 3831 877 3885 ἠν
892 3807 954 3889 εἶναι
970 3808 1094 3884 ausonia
1109 3806 1147 3878 ψυ
1174 3805 1316 3883 ἧςᾶτειθῆ

293 3890 432 3963 (ἐναντίαν
447 3888 676 3971 φασὶνεῖνσι)σῷ
692 3888 779 3971 φόξῳ,
827 3888 917 3970 λόγῳ,
935 3892 977 3949 vel
1000 3884 1122 3963 σιιςολὴν
1141 3900 1265 3967 alopas,
1283 3899 1316 3945 ut
1405 3944 1406 3947 ,

290 3966 362 4030 ἆσαι
376 3969 490 4051 εὔλογον
503 3968 636 4030 ἔκκλισιν·
657 3968 780 4049 prasidi·
828 3974 929 4029 habent
952 3971 1141 4039 Andronicus,
1164 3988 1232 4045 pag,
1248 3982 1314 4046 523.

293 4056 394 4128 σεσθαι
406 4050 587 4133 μὲνγὰρτόν
609 4048 691 4125 σοφὸν
711 4048 780 4110 a'da·
828 4053 976 4128 Diogenes,
997 4052 1046 4108 sii.
1064 4068 1128 4107 111.
1152 4068 1183 4105 ac
1204 4070 1240 4106 ex
1266 4052 1315 4105 hoc

293 4130 363 4208 μῶς,
377 4130 609 4213 εὐλαὶηθησεσθσι
627 4132 664 4193 δὲ.
705 4134 778 4191 Haec
828 4134 924 4209 Suidaa
939 4134 967 4191 iu
984 4133 1061 4209 Λύση
1074 4140 1102 4189 et
1114 4124 1217 4197 πάθος.
