2817 4859
294 389 299 398 ’
363 392 524 458 nmen
550 347 869 492 stennone„
1049 383 1115 480 '¹5⁷

77 558 448 657 eimut‚‘fluimttsque
472 553 635 645 mollitia,
652 556 728 654 apis
751 555 918 630 aculeum
940 553 1017 630 fine
1040 560 1117 635 cla-

77 689 183 738 more
206 661 297 734 ferre
328 683 400 731 non
432 657 627 756 possumus.
677 657 730 728 At
753 669 839 728 rem
866 657 939 731 ¹¹C.
962 657 1116 746 Marius,

79 763 279 835 rusticanus
298 759 352 832 rir
367 757 428 832 sed
450 757 554 854 plane
571 755 640 841 vit,
657 779 744 827 cum
766 756 940 828 secaretur
955 772 995 830 ut
1012 757 1117 857 supra

79 861 173 948 dixi,
192 857 372 958 principio
388 855 503 929 vetuit
519 855 555 928 se
571 853 734 953 alligant
761 877 827 926 nec
845 854 1033 951 quisquam
1052 884 1118 930 an·

81 977 114 1032 te
142 958 312 1034 Marium
341 956 475 1029 solutus
501 952 634 1028 dicitur
657 953 727 1026 ess‘e
750 954 880 1028 scetus.
931 954 1008 1028 Cur
1031 979 1119 1055 ergo

3 1137 4 1150 ἢ
81 1059 137 1132 olii
154 1058 311 1156 postea?
350 1051 474 1126 Valuit
495 1051 698 1128 audioritas.
736 1051 889 1126 Videsne
906 1049 1019 1150 igitur
1034 1054 1118 1166 opi·
1163 1051 1169 1061 “

3 1153 4 1192 ³
85 1156 201 1231 nionis
231 1157 315 1245 eise,
341 1177 413 1226 non
441 1168 576 1225 naturae
601 1153 766 1226 malurn?
803 1167 984 1226 ettamen
1012 1153 1119 1227 forde

3 1303 4 1346 4
81 1281 197 1331 acrem
214 1255 374 1328 morsum
392 1250 536 1340 doloris,
556 1249 652 1324 idem
670 1249 811 1324 Marius
828 1251 1009 1338 ostendit3
1034 1273 1117 1328 crus

3 1361 4 1364 ’
82 1355 175 1429 enim
189 1357 345 1428 alterurn
363 1375 433 1424 non
450 1349 616 1448 praebuit.
660 1349 715 1423 Ita
730 1369 766 1421 et
782 1350 865 1422 tulit
881 1352 1056 1442 dolorem,
1073 1369 1117 1425 ut

3 1525 4 1530 ,
84 1455 158 1543 vir3
186 1471 225 1526 et
241 1469 283 1526 ut
307 1453 430 1538 horno,
447 1449 617 1546 majorem
633 1449 724 1522 ferte
743 1449 817 1522 stne
842 1451 945 1532 causa
960 1451 1118 1524 necessa·

87 1553 131 1626 rit
146 1551 280 1626 noluit.
330 1549 469 1623 Totum
487 1547 597 1646 igitur
612 1548 650 1620 in
667 1571 712 1621 eo
727 1549 791 1638 est,
808 1565 850 1621 ut
864 1548 931 1622 tibi
952 1548 1116 1648 imperes.

87 1651 236 1726 Ostendi
252 1667 386 1735 autem,
404 1651 504 1747 quod
519 1647 605 1722 esset
622 1647 818 1746 imperandi
836 1671 960 1745 genus.
992 1651 1118 1746 Atque

89 1751 158 1824 haec
175 1749 366 1848 cogitatio,
381 1748 469 1846 quid
485 1745 665 1846 patientia,
683 1746 772 1844 quid
789 1746 1011 1833 fortitudine,
1026 1747 1119 1845 quid

90 1849 332 1948 magnitudine
368 1845 478 1920 animi
510 1845 757 1944 dignissimum
787 1845 844 1934 fit,
873 1844 969 1917 inon
1000 1847 1118 1920 solunt

89 1947 242 2022 animum
263 1947 483 2044 comprimit,
509 1947 569 2018 sed
594 1943 713 2044 ipsum
736 1943 844 2019 etiam
866 1945 1030 2020 dolorem
1052 1969 1118 2020 ne·

89 2047 155 2120 scio
171 2073 249 2144 quo
265 2045 376 2143 padio
394 2043 574 2117 mitiorem
591 2044 688 2117 facit.

132 2147 262 2220 XXII.
290 2145 344 2220 Ut
370 2142 467 2216 enim
491 2141 535 2215 fit
555 2143 591 2215 in
618 2141 756 2240 praelio,
772 2157 816 2216 ut
840 2141 990 2240 ignavus
1014 2141 1118 2217 milet

89 2269 127 2318 ac
142 2243 332 2333 *timidum
349 2243 376 2314 fi
393 2243 499 2316 stmul
515 2265 557 2314 ac
574 2240 704 2314 viderit
721 2243 859 2314 hostem
875 2243 1018 2334 abjetsto
1035 2241 1118 2315 scu-

90 2363 127 2415 to
151 2343 268 2441 fugiat
287 2359 462 2438 quantum
490 2339 609 2438 possit,
635 2341 683 2412 ob
713 2363 793 2412 earn
818 2341 958 2413 causam
981 2358 1117 2438 pereat,

89 2465 343 2538 nonnunquam
368 2439 476 2512 etiam
501 2439 641 2538 integre
665 2463 839 2536 corpore;
879 2461 965 2511 eum
992 2437 1025 2511 ei
1052 2438 1117 2534 qui

90 2537 225 2614 steterit
239 2539 327 2612 nihil
346 2541 417 2612 tale
434 2537 615 2630 evenerit:
642 2537 692 2613 fic
720 2536 783 2634 qui
804 2536 938 2611 doloris
962 2535 1118 2634 speciem

93 2639 180 2712 ferre
204 2663 276 2712 non
292 2639 449 2735 poliunt,
466 2635 639 2733 abjiciunt
656 2636 705 2727 se,
721 2653 829 2735 atque
855 2636 905 2709 ita
929 2634 1057 2710 afflicti
1078 2652 1117 2709 et

94 2736 278 2814 exanimati
295 2737 439 2835 jacent:
467 2735 530 2833 qui
547 2753 668 2810 autem
693 2735 908 2823 restiterunt,
927 2734 1118 2811 discedunt

128 2947 146 2986 *¹
160 2949 190 3010 0.
201 2947 369 3028 Marius-se
377 2947 498 3026 alligari]
511 2949 578 3006 Pto·
626 2947 866 3028 compofitopoffls.
891 2947 937 3006 Sic
946 2948 1030 3006 etiam
1039 2947 1117 3028 Epp.

96 3029 148 3088 fert
159 3033 213 3090 hee
225 3029 377 3100 Charifius,
393 3031 460 3088 inst.
474 3029 579 3086 Gmm·
627 3031 667 3088 xi.
681 3041 709 3086 et
722 3030 829 3087 lxxxix.
860 3027 1014 3097 Petronius,
1032 3029 1117 3089 Setir.

96 3123 161 3169 mat.
174 3112 218 3170 lib.
232 3113 263 3169 ii.
279 3111 332 3169 eol.
350 3127 416 3186 191.
446 3110 520 3168 Vide
533 3108 578 3166 su·
626 3129 689 3186 cap.
703 3111 741 3166 ir.
782 3111 817 3166 Ut
829 3109 967 3188 sapientia
981 3112 1117 3189 praeceptis

95 3211 151 3269 pra,
164 3211 221 3270 mp.
236 3191 299 3250 xiv.
333 3190 488 3248 Hominem
503 3209 577 3258 vero,
627 3190 736 3247 animos
752 3199 980 3268 componerent„
991 3193 1118 3249 Ambro-

95 3273 144 3348 φά,
155 3271 214 3330 dim
224 3271 328 3330 turim
341 3269 491 3348 exsecandas
505 3286 578 3348 prae-
627 3271 681 3328 stus
693 3271 728 3327 de
741 3269 825 3328 Offic.
839 3269 888 3327 lib.
905 3271 924 3326 i.
938 3287 999 3348 cap.
1014 3271 1073 3330 xri.
1087 3291 1117 3332 rt.

96 3349 165 3420 tera,
184 3354 264 3432 legere
285 3351 378 3411 librum
393 3349 579 3430 perseveravit,
628 3366 677 3427 97.
715 3353 833 3409 Animae
852 3353 941 3426 nostros
959 3351 1026 3408 ratio
1038 3370 1119 3411 oom-

98 3446 224 3491 memorat
238 3435 349 3498 Seneca,
361 3431 449 3508 Epist.
461 3430 573 3490 lxxviii.
628 3441 723 3508 ponat.
759 3432 831 3491 Vide
850 3443 878 3488 et
894 3431 1039 3501 Tacitum,
1051 3433 1116 3494 An·

132 3510 140 3547 ¹
159 3515 217 3572 Non
226 3512 313 3591 fidum
326 3512 439 3570 animum
453 3511 579 3588 compri-
628 3513 683 3570 nal.
699 3512 740 3569 iii.
756 3529 781 3569 1.
796 3511 835 3569 ir.
848 3531 899 3586 4²·

97 3591 158 3668 mit]
178 3593 344 3670 Legendurn
358 3593 467 3650 ridetur
482 3607 579 3670 compo·
668 3589 683 3627 ¹¹
713 3589 954 3671 Ἠπιὶᾰιιεμβ-οό
974 3609 1032 3652 eant
1053 3612 1118 3652 cau·

97 3671 141 3738 nit,
152 3685 183 3731 ut
196 3675 265 3732 olim
279 3672 442 3730 monuimus
459 3673 494 3730 ad
507 3671 578 3748 Epi·
618 3671 695 3750 J'ttm]
722 3673 827 3750 Vulgo,
850 3670 1025 3732 timidas-ob
1046 3693 1118 3732 eam·

95 3761 162 3810 tom.
186 3753 338 3826 Ludendi,
358 3771 384 3812 c.
404 3773 489 3810 xxxv.
511 3771 578 3829 pag.
626 3771 676 3832 que
699 3749 812 3832 causam.
853 3758 896 3812 At
922 3751 995 3830 Reg.
1015 3763 1044 3812 et
1069 3755 1118 3812 Pi·

98 3832 141 3889 82.
154 3834 198 3891 ed.
217 3833 302 3892 Cant.
339 3833 384 3892 Ita
397 3843 470 3890 certe
484 3833 579 3909 paffim
628 3837 735 3893 thoart.
751 3835 855 3892 habent
874 3833 905 3892 ob
923 3833 1118 3912 concordam.-

98 3911 248 3990 loquuntur
259 3913 393 3973 nudiores.
431 3913 532 3970 Seneca
545 3913 591 3969 de'
627 3912 746 3972 secunda
759 3935 823 3973 vero
833 3933 887 3971 vox
900 3933 916 3970 a
927 3915 1007 3971 nobit
1020 3914 1057 3972 est
1068 3917 1117 3974 td·

98 3991 153 4060 lm,
166 3993 214 4051 tib,
227 3995 267 4052 iii.
282 4013 308 4053 e.
323 4011 373 4072 39.
400 3991 514 4072 Contigit
520 3994 580 4066 jam
628 3991 708 4066 ditn5
740 4015 790 4054 nec
818 3994 966 4052 difficulter
995 3995 1120 4057 excidere

97 4067 176 4140 nobis,
199 4074 310 4146 Novate,
336 4073 396 4131 bene
418 4091 581 4150 componete
629 4075 812 4152 peruincunt
831 4073 990 4150 sequentem
1007 4077 1120 4138 ordian-

100 4150 234 4212 animum.
265 4157 343 4212 ldem
358 4153 445 4229 Epist.
457 4154 493 4210 ir,
520 4155 582 4227 ,ἵκω
629 4154 903 4216 tureaedemliterae.

8 4265 9 4270 κ
97 4230 194 4290 diutius
203 4235 265 4308 srut'
283 4235 431 4296 emendato
449 4233 582 4292 animoa
