2817 4859
419 322 579 389 LIBER
607 321 865 392 QUINTUS·
1107 336 1168 408 ³59

127 500 197 565 rea,
214 501 273 561 me
288 489 408 554 tamen
423 481 618 578 plaudente,
630 479 735 580 dicit)
754 483 896 566 nullum.
916 480 1064 580 sapienti
1090 484 1160 566 effe

125 592 285 772 ffius’
315 578 446 659 etiamfi
475 601 609 672 utatur,
637 599 857 693 torqueatur,
884 581 1042 668 secetur3
1069 580 1158 679 quin

221 678 466 764 terrimotu
488 679 596 770 Quam
614 677 799 777 pronihilo
820 681 935 775 puro?
961 706 1047 758 cum
1063 707 1158 778 prae-

125 773 250 856 settim
274 801 381 852 omne
398 779 534 860 malum
553 781 676 861 dolore
692 778 854 864 definiat,
873 779 1010 860 bonurn
1028 782 1155 878 volup-

124 890 230 960 tate;
255 874 335 959 brec
361 878 491 967 nostra,
509 878 670 968 honesta,
694 877 824 976 turpio,
851 875 1015 964 irrideam
1042 879 1155 964 dicat-

123 996 212 1068 que,
235 999 301 1058 nos
327 974 365 1050 in
393 977 543 1054 vocibus
571 995 776 1076 occupatos,
801 977 920 1060 inanes
944 979 1046 1060 sonos
1071 979 1156 1052 fun·
1273 983 1274 986 ’

125 1073 237 1158 deret
265 1099 380 1172 neque
398 1077 594 1175 quiequam
616 1079 659 1160 ad
679 1103 743 1156 nos
759 1075 947 1174 pertinere,
964 1075 1030 1153 nifi
1054 1079 1155 1173 quod

122 1188 187 1251 aut
211 1172 291 1252 leve
319 1193 380 1258 aut
408 1175 569 1272 asperum
594 1177 631 1257 iu
658 1201 806 1273 corpore
823 1174 1002 1254 sentiatur.
1053 1175 1153 1256 Huic

120 1294 224 1367 erge,
242 1289 284 1354 ut
299 1270 389 1362 dixi,
407 1299 481 1346 non
496 1277 653 1354 multura
671 1273 852 1356 differenti
869 1299 890 1352 a
906 1275 1044 1373 judicio
1061 1275 1153 1356 fera-

120 1391 216 1454 rum,
234 1371 396 1454 oblivisci
421 1371 545 1454 licebit
571 1375 653 1448 sui?
686 1391 833 1458 etcum
858 1372 1039 1454 fortunam
1064 1397 1155 1454 con-

120 1484 292 1557 temnere,
310 1496 396 1554 eum
412 1471 456 1553 fit
482 1497 589 1546 omne
606 1491 642 1554 et
659 1474 797 1556 bonurn
813 1473 886 1570 ejus
904 1489 940 1546 et
963 1473 1098 1553 malum
1115 1472 1153 1548 in

119 1567 294 1664 potestate
319 1571 502 1652 fortunae?
529 1591 609 1647 tum
632 1571 750 1654 dicere
775 1571 810 1649 se
834 1574 980 1648 beatum
1002 1571 1037 1652 in
1057 1572 1153 1652 sum-

119 1689 182 1748 mo
199 1667 362 1748 cruciatu
378 1688 485 1767 atque
502 1670 712 1758 tormentis;
739 1695 824 1744 cum
841 1671 1063 1747 constituerit
1078 1696 1153 1750 non

120 1768 232 1848 modo
249 1766 428 1848 summurn
444 1771 579 1852 malum
604 1771 673 1846 eise
700 1771 875 1857 dolorem,
894 1767 1077 1848 sedetiam
1094 1770 1151 1843 so-

118 1863 226 1946 lumi
279 1867 360 1949 Nec
386 1893 470 1942 vero
498 1867 560 1942 illa
584 1867 651 1948 fibi
680 1867 836 1950 remedia
864 1867 1082 1966 comparavit
1103 1871 1152 1950 od
1275 1905 1278 1911 ¹

116 1965 344 2047 tolerandum
369 1969 558 2053 dolorenu
584 1965 792 2048 firmitatem
813 1963 935 2054 animi,
954 1965 1149 2064 turpitudi-

115 2061 171 2136 nis
189 2065 455 2156 verecundiam
473 2065 765 2149 exercitationem
781 2066 1149 2164 consuetudinemque

114 2160 289 2262 patiendi,
318 2181 498 2263 praecepta
531 2165 763 2251 fortitudinis,
786 2163 955 2241 duritiam
979 2164 1120 2244 virilem
1132 2195 1146 2241 e

114 2272 133 2306 ¹¹
145 2261 208 2343 sed
232 2288 304 2342 una
328 2264 363 2347 se
380 2263 469 2346 dicit
485 2264 728 2346 recordatione
745 2262 969 2362 acquiescere
986 2263 1148 2360 praeteti-

115 2375 236 2445 taruru
264 2363 511 2461 voluptatum:
539 2384 580 2438 ut
606 2365 633 2436 fi
660 2363 740 2460 quis
769 2363 932 2452 aestmnu
958 2387 1044 2442 cum
1071 2362 1147 2438 vitu

114 2459 244 2544 caloris
268 2486 344 2544 nou
377 2463 483 2536 facile
510 2463 675 2562 patiatur,
707 2459 885 2539 recordari
910 2459 998 2540 velit
1021 2461 1054 2534 se
1080 2462 1146 2534 ali,-

112 2561 260 2656 quando
285 2561 322 2633 in
349 2561 515 2659 Arpinati
540 2563 661 2640 nostro
686 2559 814 2660 gelidis
838 2558 1050 2632 fluminibus
1075 2560 1146 2633 cir-

111 2658 472 2740 cumfirsunruiffe:
499 2686 573 2736 non
597 2659 694 2737 enim
718 2659 838 2745 video,
857 2685 930 2756 quo
955 2661 1065 2732 modo
1091 2659 1144 2732 se·

109 2757 195 2838 dare
220 2760 353 2856 poffrnt
378 2760 470 2841 mala
497 2759 683 2858 praesentia
710 2757 898 2858 praeteritae
927 2759 1142 2855 voluptates,

110 2856 184 2929 Sed
210 2883 296 2932 cum
320 2860 349 2932 is
378 2857 476 2932 dicat
505 2858 640 2957 semper
665 2861 809 2932 beatum
836 2857 905 2929 effe
935 2857 1141 2954 sapientem,

110 2955 171 3029 cui
188 2957 307 3030 dicere
326 2959 409 3046 hoc,
435 2957 463 3029 fi
489 2957 556 3031 fibi
577 2957 735 3031 constare
753 2957 874 3041 vellet,
900 2980 972 3045 non
989 2954 1112 3028 liceret
1128 2987 1140 3044 ;

109 3058 286 3170 quidnam
310 3055 516 3133 faciendum
541 3057 592 3130 est
611 3055 680 3148 his,
697 3056 761 3154 qui
778 3053 870 3128 nihil
886 3057 1140 3154 expetendum,

146 3351 162 3379 ¹⁸
185 3337 303 3400 &duna
306 3341 339 3417 sc
348 3339 410 3410 deit
418 3337 597 3414 recordatione]
648 3362 677 3399 x.
700 3359 749 3399 22.
774 3339 817 3405 ed.
841 3339 933 3400 Amst.
974 3334 1140 3420 'Annona

104 3421 228 3492 Plenius,
240 3421 289 3478 lib.
303 3423 343 3480 iii.
358 3441 419 3498 cap.
434 3439 479 3499 15.
507 3423 599 3479 Lovo-
646 3417 758 3480 τάτῖετο
776 3419 804 3478 δὲ
823 3418 892 3480 troiot
912 3413 1003 3488 naiton
1020 3423 1138 3494 (morbis

103 3503 195 3574 tionem
208 3516 294 3559 autem
307 3501 472 3579 aegritudinis
483 3502 510 3559 t'n
530 3501 598 3560 dua·
647 3503 750 3578 quibus
758 3501 913 3573 laborabat)
924 3496 955 3560 ri
964 3495 1033 3558 notioi
1039 3497 1137 3596 duxit

104 3581 154 3650 bns
167 3581 326 3661 rebusponir
341 3582 516 3659 (Epicurum)
531 3601 597 3640 ovo·
646 3582 748 3660 χᾳῖρον
770 3579 814 3640 ἐπὶ
836 3577 872 3662 τῇ
896 3578 952 3638 τῶν
977 3599 1136 3659 γεγονοτων

102 3664 204 3731 catione
215 3682 235 3732 a
246 3662 384 3738 cogitanda
396 3663 515 3738 molestia,
521 3677 546 3722 et
555 3681 596 3720 re·
642 3657 706 3739 ἡμῖν
721 3657 903 3740 διαλοῖισμῶν
916 3656 1021 3742 μνήμη.
1042 3661 1135 3718 Inter·

102 3749 236 3805 vocatione
258 3741 298 3800 ad
317 3741 521 3821 contemplandos
546 3762 595 3800 vo·
643 3753 720 3820 prete
732 3741 838 3810 Tullio,
856 3724 1069 3820 Compensoiatnr
1088 3751 1133 3798 ta·

103 3823 226 3902 luptatar.
246 3823 334 3893 Iusta,
342 3844 404 3900 cap.
418 3842 468 3896 31.
488 3822 594 3900 Epicu·¹
642 3843 766 3881 mannua
779 3821 944 3882 bisomnibus
964 3821 1043 3877 animi
1062 3820 1133 3878 1αεὶ-

101 3924 152 3976 rut
179 3902 298 3961 naainis
323 3902 448 3961 doloribus
474 3903 593 3978 affidare,
642 3905 692 3974 tia,
706 3921 784 3981 quant
803 3901 930 3981 capiebam
951 3901 1068 3958 memoria
1084 3921 1131 3959 ra·

102 4005 141 4055 ‚cos
162 3983 225 4062 ipsos
245 3985 406 4044 inventorum
415 3983 522 4062 suorum
543 4002 594 4040 rne-
641 3982 736 4054 tionum
758 3983 965 4058 inventorumque
985 3982 1130 4054 nostrornm.

103 4066 184 4138 morio
214 4075 243 4123 n
275 4064 442 4124 recordatione
468 4064 594 4139 corfirtot.
642 4064 774 4132 Videlib.
789 4065 818 4132 ii.
833 4064 867 4120 de
881 4061 943 4122 Fin.
957 4081 1019 4142 cap.
1032 4083 1083 4136 30.

103 4145 174 4222 Ejus
183 4147 267 4222 verba
275 4145 338 4205 sunt
352 4146 426 4228 apud
439 4145 594 4216 Laenium,
886 4157 893 4174 ··

654 4285 658 4304 .
690 4241 712 4284 Δ
725 4242 776 4298 ²4
