2817 4859
379 323 541 388 utana
565 321 857 388 secutione.
1081 308 1154 410 119*

94 481 271 582 princeps
288 483 369 558 usus
386 485 437 559 est
451 485 671 572 Aiistmele,
688 483 817 561 deinde
832 508 919 564 eum
937 483 1002 588 qui
1024 483 1138 563 secuti

96 581 194 656 sunt.
248 581 385 656 Nostra
400 603 520 660 autem
536 581 706 660 memoria
721 580 841 673 Philo,
856 609 967 681 quem
982 610 1048 660 nos
1064 585 1137 660 fte-

96 697 258 778 quanter
282 680 493 774 audivimus,
515 680 667 758 instituit
684 679 755 760 alio
770 701 930 780 tempore
952 684 1137 763 rhetorum

94 799 287 880 precepta
311 783 467 870 tradere*
486 780 557 856 alio
585 780 892 879 philosophorum.
941 783 1003 856 Ad
1025 808 1137 880 quam

95 903 162 952 nos
188 879 537 959 consuetudinema
565 878 797 956 familiaribus
821 877 949 955 nostris
973 881 1137 969 adducti,

96 977 133 1056 in
150 977 381 1066 Tusculano,
399 981 499 1078 quod
514 980 637 1054 datum
652 979 703 1052 est
721 977 890 1076 temporis
906 979 1023 1068 nobis,
1039 979 1077 1053 in
1092 1006 1138 1056 eo

97 1077 401 1176 consumpsimus.
452 1081 575 1176 Itaque
600 1102 685 1152 cum
704 1095 785 1152 ante
802 1076 988 1153 metidiem
1003 1076 1137 1152 dictio.

98 1175 136 1248 ni
152 1201 308 1287 operam
325 1177 550 1262 dedissemus,
566 1177 658 1262 ficut
683 1175 797 1274 pridie
813 1177 1032 1259 feceramus‚;
1056 1178 1139 1276 post

100 1275 295 1354 meridiem
320 1276 357 1348 in
381 1275 614 1350 Academiam
630 1274 898 1349 descendimus:
925 1274 962 1348 in
978 1301 1051 1375 qua
1066 1274 1138 1356 dis*

100 1373 331 1470 putationem
363 1374 522 1451 habitam
547 1399 621 1448 non
650 1373 749 1472 quasi
778 1392 955 1448 narrantes
985 1374 1138 1472 exponi-

101 1497 193 1559 mus,
211 1474 279 1548 sed
304 1471 437 1548 eisdem
457 1476 529 1548 fere
544 1471 661 1549 verbis
687 1490 729 1546 ut
751 1473 876 1548 adum
900 1471 1138 1571 disputatum*

126 1597 170 1644 uc
188 1573 257 1648 est.
617 1579 620 1596 '
1070 1630 1073 1638 ,

102 1595 217 1746 qlli.
257 1669 325 1744 Est
357 1668 467 1768 igitur
493 1667 757 1744 ambulantibus
784 1673 828 1744 ad
859 1670 957 1745 hunc
987 1673 1138 1748 modum

104 1768 217 1842 sermo
232 1769 300 1842 ille
317 1768 422 1844 nobit
438 1767 640 1856 institutus;
666 1786 702 1841 et
718 1794 741 1841 a
755 1769 818 1841 tali
835 1770 991 1865 quodam
1007 1771 1139 1842 induc-

105 1884 159 1940 tus
174 1868 344 1942 exordio.
363 1873 365 1878 '
390 1869 437 1942 A.
455 1865 541 1942 Dici
559 1893 632 1940 non
648 1868 776 1964 potest,
793 1891 904 1964 quam
919 1867 986 1940 sim
1002 1867 1137 1940 hester·

107 1991 151 2038 na
173 1965 417 2064 disputatione
444 1984 505 2039 tua
531 1966 741 2057 deledtatus,
757 1967 816 2038 vel
838 1964 956 2063 potius
985 1965 1137 2062 adjutae.

107 2065 182 2140 Etsi
208 2064 307 2138 enim
332 2064 422 2140 mihi
448 2065 526 2137 sum
549 2063 726 2156 conscius,
748 2089 934 2162 nunquam
958 2063 1138 2138 menimis

108 2162 189 2237 n'tae
216 2164 392 2263 cupidum
414 2161 544 2238 fuisse:
570 2183 689 2238 tamen
706 2163 887 2236 interdum
902 2162 1138 2258 objiciebatur

107 2261 232 2338 animo
255 2281 369 2338 menia
393 2261 539 2362 quidam
567 2279 603 2336 et
634 2263 750 2350 dolor,
770 2260 942 2358 cogitanti
970 2259 1045 2334 fore
1071 2262 1138 2333 ali.

112 2363 261 2458 quaudo
284 2362 391 2436 finem
414 2361 521 2462 hujus
546 2359 648 2451 lucis,
673 2378 711 2432 et
736 2359 956 2434 amiffionem
976 2359 1138 2433 omnium

114 2457 201 2534 vitae
218 2463 498 2534 commodorum.
550 2461 635 2532 Hoc
659 2483 787 2556 genere
803 2453 1051 2541 melchiade,
1067 2455 1138 2530 mi·
1271 2461 1278 2468 '

21 2637 23 2644 ,
112 2557 151 2636 hi
176 2561 292 2646 crede,
310 2559 387 2632 sum
412 2557 602 2640 liberatum
628 2575 669 2632 ut
694 2554 783 2630 nihil
808 2557 925 2629 minus
941 2557 1137 2630 curandum

113 2673 246 2754 putem.
290 2657 527 2731 M.·Minime
552 2655 682 2738 mirum
708 2655 745 2730 id
761 2652 930 2752 quidem:
957 2679 1041 2743 nam
1056 2653 1138 2726 effi·

114 2757 161 2828 cit
175 2755 248 2832 hoc
271 2757 412 2854 philolo
438 2755 522 2829 hia:
549 2757 713 2828 medetur
727 2752 853 2828 animis
868 2785 880 2838 3
907 2752 1025 2826 inanes
1042 2751 1139 2825 solli-

23 2939 26 2945 ,
117 2855 299 2944 citudinesf
314 2857 374 2928 det
439 2853 493 2940 it;
520 2853 774 2952 cupiditatibus
798 2853 946 2936 liberat3
973 2850 1075 2948 pellit
1091 2851 1139 2922 ti-

120 2976 237 3040 mores,
291 2955 359 3026 Sed
387 2955 465 3028 haec
492 2954 565 3049 ejus
596 2951 647 3025 vis
674 2975 746 3024 non
778 2949 874 3021 idem
899 2949 1014 3047 potest
1043 2947 1139 3048 apud

118 3076 258 3126 omnes:
285 3070 364 3126 tum
382 3053 475 3128 valet
493 3053 662 3139 multum,
679 3075 763 3128 cum
780 3048 830 3121 est
845 3046 1013 3122 idoneam
1037 3051 1138 3124 comss

21 3164 27 3172 ’
115 3153 217 3247 plexa
241 3169 405 3243 naturam
418 3180 427 3229 a
442 3155 557 3246 fortes
582 3147 679 3226 enim
696 3173 769 3224 non
785 3147 895 3223 modo
910 3149 1057 3243 fortuna
1073 3145 1138 3220 ad-

108 3253 223 3346 javat,
244 3267 287 3322 ut
311 3251 363 3324 cst
388 3249 425 3332 in
442 3267 559 3322 vetere
584 3248 784 3347 proverbio,
802 3246 860 3320 sed
884 3247 999 3319 multo
1028 3242 1141 3342 magia

21 3387 26 3415 ι
115 3349 225 3424 tatio:
261 3371 344 3462 quae
377 3346 590 3446 quibusdam
614 3349 708 3444 quasi
736 3345 923 3444 ptaeceptis
951 3343 1142 3416 confirmat
1222 3347 1227 3360 '

21 3485 33 3499 ν
118 3446 184 3522 vim
202 3447 436 3530 fortitudinis.
483 3444 538 3520 Te
554 3465 679 3523 natura
696 3441 875 3517 excelsum
890 3445 1069 3540 quendam
1086 3441 1142 3514 vi·

21 3551 25 3636 ἶ
117 3544 244 3622 delicet
271 3563 307 3620 et
336 3550 449 3622 altum
472 3541 508 3618 et
537 3545 692 3641 humana
718 3539 970 3639 despicientem
991 3539 1138 3640 genuit:

25 3711 31 3740 η
116 3644 233 3742 itaque
261 3645 365 3721 facile
383 3645 425 3720 in'
437 3647 556 3718 animo
582 3643 665 3717 sorti
693 3659 816 3716 contra
844 3658 995 3713 mortem
1020 3635 1143 3710 habita

25 3787 40 3803 ι’
117 3741 244 3818 insedit
270 3744 394 3818 oratio.
449 3745 519 3816 Sed
547 3743 626 3838 haec
648 3743 771 3814 eadem
798 3765 885 3812 num
908 3738 1026 3811 censes
1045 3735 1143 3846 apud

25 3869 30 3907 1v
117 3867 170 3916 eos
197 3843 292 3942 ipsos
319 3845 445 3932 valere,
474 3842 534 3916 nist
565 3841 760 3914 admodum
785 3863 940 3938 paucos;
964 3861 985 3906 a
1010 3835 1143 3931 quibua

118 3937 272 4032 inventa,
286 3939 476 4038 disputata,
504 3940 704 4036 conscripta
728 3938 835 4012 sunt?
879 3935 1020 4008 Quotus
1045 3931 1142 4013 enini

22 4033 41 4070 '⁵'
119 4037 264 4152 quisque
281 4038 574 4138 philosophorum
592 4037 782 4119 invenitur,
800 4031 862 4130 qui
882 4033 927 4106 fit
952 4031 1000 4104 ita
1025 4055 1142 4108 mora-

119 4153 185 4227 tus,
203 4157 254 4214 ita
268 4139 391 4215 animo
407 4163 448 4214 ac
463 4137 538 4214 vita
554 4136 779 4226 constitutus,
796 4149 838 4208 ut
855 4130 943 4207 ratio
958 4133 1110 4232 postulat
1128 4129 1141 4203 i

662 4255 710 4312 ¹4
