2817 4859
280 373 338 432 aad
495 316 687 427 TUSCllL.
711 362 1099 427 DISPUTATIONUM

282 532 306 603 fi
323 528 494 602 naturales
511 526 604 610 sunt,
621 516 708 622 quid
727 550 817 623 opus
833 524 883 599 e'st
900 515 1139 599 consolatione
1156 525 1171 598 ἓ
1198 542 1305 598 natu·

283 654 321 701 ra
349 627 444 701 enim
468 624 541 723 ipsa
569 624 773 697 terminabit
804 624 974 696 modurn:
1010 624 1063 695 fin
1093 622 1308 721 opinabiles,

283 725 405 825 opinio
436 743 512 798 tota
542 725 697 796 tollatur.
750 724 838 795 Satis
871 721 1012 794 dietum
1042 722 1111 794 esse
1128 722 1310 813 arbitror,

282 824 533 923 aegritudinem
549 822 618 895 esse
641 820 845 919 opinionem
872 821 955 893 mali
971 820 1159 921 prasentis,
1178 821 1215 893 in
1235 848 1314 917 qua

284 923 451 1021 opinione
468 922 555 994 illud
575 920 668 1007 insat,
684 941 725 994 ut
742 919 989 1017 aegritudinem
1008 920 1178 1017 suscipere
1196 946 1312 1017 opor-

283 1042 367 1098 teat.
418 1017 573 1094 Additur
595 1021 638 1091 ad
656 1020 748 1092 hanc
767 1016 1013 1090 definitionem
1030 1020 1210 1091 aZenone
1227 1044 1312 1091 rec-

284 1138 334 1211 te,
354 1137 395 1193 ut
420 1119 479 1191 illa
505 1118 627 1216 opinio
652 1117 831 1213 praesentis
858 1116 937 1188 mali
962 1116 1007 1189 fit
1036 1140 1166 1191 recens.
1219 1118 1311 1191 Hoc

285 1236 404 1291 autem
429 1219 577 1291 verbum
605 1218 678 1290 cfic
702 1216 984 1313 interpretantur,
1002 1234 1043 1288 ut
1068 1240 1139 1287 non
1166 1234 1312 1289 tantum

284 1318 374 1390 illud
399 1342 519 1389 recens
542 1314 611 1388 esse
628 1316 751 1408 velint,
770 1316 866 1412 quod
888 1316 995 1410 paulo
1011 1334 1092 1386 ante
1108 1314 1282 1388 acciderit
1299 1347 1310 1401 ;

285 1416 359 1504 sed,
388 1440 496 1511 quam
521 1416 583 1486 diu
611 1415 646 1486 in
666 1413 741 1485 -illo
772 1412 915 1511 opinato
948 1414 1041 1485 malo
1063 1412 1312 1510 vis'quaedam

285 1512 396 1586 dinfit
413 1533 448 1585 et
465 1512 583 1610 vigeat
599 1532 634 1584 et
652 1514 778 1585 habeat
793 1514 969 1608 quandam
988 1511 1214 1601 viriditatem,
1231 1531 1310 1587 tam

286 1610 351 1685 diu
375 1613 571 1710 appelletur
596 1636 741 1683 recens:
768 1630 808 1681 ut
835 1610 1021 1683 Artemisia
1046 1610 1106 1683 illa
1121 1623 1134 1656 ⁸
1149 1610 1310 1685 Mausoli

287 1711 401 1783 Cariae
423 1708 513 1807 regis
529 1735 633 1799 uxor,
649 1734 731 1806 quae
750 1708 870 1779 nobile
894 1710 983 1780 illud
1000 1708 1234 1782 Halicarnasii
1253 1712 1310 1783 fe-

255 1852 262 1867 ·
287 1808 338 1882 cit
356 1810 595 1907 sepulchrum,
615 1832 723 1906 quam
740 1806 800 1879 diu
819 1806 921 1891 vixit,
939 1807 1029 1879 vixit
1048 1808 1083 1881 in
1109 1809 1221 1893 luctu,
1242 1808 1310 1883 feo

287 1909 439 2004 denique
470 1906 576 1979 etiam
602 1905 763 1987 confecta
795 1906 1004 1978 contabuit:
1033 1908 1117 1979 huic
1144 1924 1217 1979 erat
1246 1908 1310 1981 illa

286 2006 408 2102 opinio
427 2005 746 2101 quotidierecens:
765 2028 851 2099 quae
864 2022 942 2075 tum
959 2004 1112 2103 denique
1129 2030 1201 2077 non
1215 2018 1232 2065 ὅ
1244 2031 1310 2103 ap-

284 2102 474 2200 pellabitur
489 2128 622 2190 recens,
638 2128 723 2175 curn
740 2104 909 2176 vetustate
927 2101 1073 2176 exaruit.
1124 2104 1218 2177 Haec
1237 2104 1308 2203 igi-

286 2386 393 2461 latianc]
415 2387 525 2445 Laudat
537 2386 649 2446 Noniae
670 2387 700 2443 in
721 2406 773 2444 mer
821 2394 936 2462 uterque
949 2404 1014 2443 cum
1029 2386 1125 2444 Tullio
1145 2386 1309 2446 Mausolum

285 2467 413 2536 alacritas,
424 2470 463 2525 ita
472 2479 577 2535 tamen,
586 2478 619 2524 ut
633 2468 773 2525 aCioero·
821 2467 912 2525 Cariae
937 2467 1044 2542 Regem
1069 2466 1146 2523 suitse
1173 2466 1309 2536 statuunt,

284 2549 330 2605 nie
342 2550 545 2625 exemplaribus
554 2549 680 2606 nonnihil
694 2550 773 2605 abeat
821 2558 853 2602 ut
866 2546 973 2603 saciant
987 2546 1071 2603 etiam
1087 2548 1201 2613 Plinius,
1213 2548 1254 2605 H.
1265 2549 1308 2607 N.

285 2627 417 2685 diversus.
821 2627 871 2684 lib.
886 2627 984 2683 xxxvi.
998 2645 1059 2702 cap.
1073 2644 1102 2699 3.
1123 2638 1150 2684 et
1165 2629 1308 2685 Lucienus

328 2715 341 2744 ⁶
364 2707 409 2765 Sia
429 2708 657 2783 interpretantur,
676 2721 706 2764 at
724 2728 774 2764 aaa
822 2706 852 2763 in
872 2705 948 2763 Dial.
971 2707 1106 2783 Diogenis
1127 2718 1154 2765 et
1174 2707 1309 2776 Mausoli,

287 2799 388 2843 tantam
410 2786 477 2844 illud
497 2806 579 2843 recens
602 2788 649 2866 effa
671 2788 772 2863 velint]
821 2796 891 2843 tom.
904 2786 924 2843 i.
939 2806 967 2863 p.
978 2788 1100 2858 praed.
1112 2788 1203 2845 Arnst.
1229 2790 1309 2846 Idem

287 2866 333 2924 Sic
344 2868 417 2944 Reg.
428 2867 601 2924 artmano
610 2868 687 2926 Med.
702 2866 775 2929 Vul·
820 2866 893 2924 clare
928 2866 1073 2925 conficitur
1105 2888 1139 2925 ex
1172 2868 1309 2927 Herodoti

286 2946 703 3104 waiwop-affinem
727 3028 762 3086 or
822 2946 934 3083 lillis
948 2965 1036 3084 ᾖξ’
1050 2948 1309 3087 erlklltMasll

282 3106 413 3185 ⁸Bentleio
425 3107 549 3183 legerim,
562 3122 592 3165 at
603 3110 705 3184 vigeat.
822 3118 893 3164 certe
927 3106 1041 3183 fugiunt
1073 3108 1226 3185 scriptores,
1258 3109 1308 3183 qui

327 3193 341 3239 t
360 3186 473 3263 Mausoli
488 3186 578 3244 Cariae
592 3188 684 3264 Regu]
708 3189 774 3246 Huc
821 3204 884 3244 eum
905 3188 1045 3265 provincia
1069 3187 1180 3245 Graeciae
1197 3188 1309 3267 perdec-

288 3266 398 3343 respieit
410 3266 573 3335 A.Gelliue,
583 3267 624 3324 N.
636 3270 673 3326 A.
686 3269 734 3325 lib.
746 3290 774 3328 x.
822 3278 876 3325 lum
896 3268 1034 3324 dixemnt.
1075 3269 1202 3325 Adeatur
1222 3270 1308 3327 etiem

287 3366 348 3423 cap.
364 3346 408 3403 18.
431 3344 564 3422 Mausolus
575 3349 735 3421 autemfhr't,
745 3359 775 3405 at
821 3342 919 3405 Suidaa
932 3348 960 3403 in
973 3342 1144 3427 Ἀρτεμισία.

287 3428 334 3485 Μ.
348 3426 449 3484 Tullius
460 3426 510 3494 ait,
522 3445 569 3483 rex
580 3438 657 3484 terrae
670 3428 773 3486 Caria:
863 3424 872 3465 ¹
890 3428 933 3485 1¹30
948 3426 1067 3503 denique
1086 3428 1162 3485 ctiam
1181 3426 1307 3502 coaffebla]

287 3506 435 3585 utqaadam
451 3506 602 3565 Graecaram
617 3506 774 3579 historiarum
822 3508 929 3583 Vulgo,
947 3506 1084 3585 eademque.
1125 3508 1177 3565 Sed
1198 3508 1308 3565 Balliol.

278 3585 422 3665 salptores,
432 3587 574 3663 provinciae
584 3588 696 3646 &aeaiae
702 3604 775 3667 prae·
823 3608 850 3645 aa
861 3586 981 3666 deniqaea
1003 3588 1077 3663 quod
1092 3607 1199 3647 verum.

182 3697 186 3709 .
277 3662 376 3742 Jil‘lus.
418 3666 544 3744 Satrapen
565 3668 651 3725 Graca'
669 3683 775 3727 vocant.
861 3668 1189 3744 ‘AppellabiturreccasJ
1202 3670 1308 3745 Vulgo,

286 3748 375 3823 Apud
395 3766 458 3803 eum
479 3747 694 3805 decantatiffinra
716 3750 774 3817 illa,
821 3747 999 3825 appellabatur
1031 3768 1134 3806 reeens.
1183 3750 1254 3806 Bal.
1281 3758 1309 3805 et

286 3847 373 3902 quam
393 3826 494 3885 Noster
513 3828 558 3884 hic
579 3827 669 3895 refert,
682 3828 774 3906 sequi·
822 3828 900 3887 Med.
923 3828 1081 3909 appellatam
1107 3848 1192 3906 quam
1213 3842 1308 3887 tamea

286 3918 334 3963 tur
353 3908 475 3966 historia.
516 3908 588 3964 Vide
608 3908 641 3964 fis
656 3918 684 3965 et
696 3911 773 3967 Stra·
821 3906 968 3966 ledlionem
991 3920 1101 3987 tempus
1125 3910 1307 3986 praeteritam,

287 3987 398 4054 bouem,
412 3989 460 4046 lib.
475 3988 532 4045 xiv.
546 4006 610 4064 pag.
621 3989 692 4065 969.
701 4006 771 4069 970.
822 3990 895 4063 q'uod
914 3989 1007 4047 statim
1021 3988 1155 4066 sequitur,
1168 3990 1243 4047 haud
1260 3990 1307 4046 ad·

284 4066 329 4122 ed.
346 4069 436 4126 Arnst.
447 4088 482 4126 ac
491 4068 697 4144 Hieronymum
709 4070 771 4128 adv.
821 4070 921 4126 mittit.
941 4070 1103 4145 Legendum
1116 4070 1305 4149 appellabam

284 4145 379 4222 Jo'vin.
393 4148 442 4205 lib.
454 4150 473 4206 i.
486 4168 551 4226 pag.
564 4166 634 4226 345.
659 4150 772 4207 Horum
821 4148 1016 4209 utetlidirnua.
1126 4166 1127 4171 ’
1213 4159 1240 4177 ’·
