2817 4859
285 377 325 425 aa
495 362 687 425 TUSCUL.
713 364 1094 427 DISPUTATIONUM

336 524 407 599 XI.
440 522 520 597 Nifi
544 550 624 621 quae
651 548 708 597 me
734 524 824 597 sorte
847 523 1002 621 fugiunt,
1031 524 1118 596 ”he
1137 521 1218 596 sunt
1240 521 1315 596 sere

161 664 166 671 ·
279 626 335 697 'de
351 621 471 695 animo
496 623 686 696 sententiae.
739 625 990 697 Democritum
1014 624 1123 709 enim,
1140 646 1313 719 magnum

220 796 224 801 .
289 722 393 795 illum
409 720 555 818 quidem
574 721 705 811 virum,
728 723 788 795 sed
803 723 969 795 ‘levibus
994 739 1030 795 et
1054 720 1216 794 rotundis
1232 745 1325 794 cor·.

290 820 446 919 puseolis
464 818 677 893 efficientem
699 821 857 896 animum
874 820 1048 895 concursu
1067 820 1225 917 quodam
1243 820 1316 891 for-

249 979 252 987 .
292 921 398 1010 tuito,
416 922 644 993 omittamus:
672 919 763 992 nihil
786 922 848 992 est.
863 919 959 993 enim
982 946 1003 991 a
1028 922 1079 992 ud
1102 917 1198 1007 istos,
1218 919 1319 1015 quod

294 1044 367 1091 non
383 1037 583 1091 atomorum
599 1022 702 1092 turba
718 1018 900 1092 conficiar.
945 1033 961 1081 t
1014 1043 1116 1091 arum
1131 1013 1320 1091 sententia·
1398 1051 1399 1066 κ

294 1142 374 1205 nrm
400 1142 480 1215 quae
504 1141 587 1189 vera
604 1118 656 1206 srt,
673 1118 760 1191 deus
782 1117 909 1215 aliquis
926 1116 1079 1202 viderit;
1106 1143 1186 1214 quae
1201 1114 1319 1188 veriti·

295 1215 456 1305 milhma,
475 1240 601 1313 magna
623 1218 774 1312 quaestio
790 1218 858 1290 est.
908 1217 1042 1289 Utrum
1069 1215 1178 1313 igitur
1200 1214 1320 1287 zinter
1398 1279 1399 1288 ,

295 1316 358 1387 has
383 1314 566 1415 sententias
589 1314 783 1409 dijudicare
807 1317 995 1400 malumus,
1024 1340 1068 1386 an
1091 1316 1138 1386 ad
1161 1313 1321 1411 proposi·

296 1430 375 1487 tum
400 1413 541 1485 redire?
597 1415 643 1486 A.
673 1415 849 1524 Cuperem
876 1413 1043 1510 equidem
1068 1430 1271 1510 utrumque,
1293 1412 1321 1484 sr

297 1512 434 1623 posset:
462 1510 520 1583 sed
538 1512 613 1583 ²est
629 1511 777 1587 difficile
800 1513 1031 1585 confundere.
1082 1512 1202 1585 Quare
1225 1511 1267 1600 fi,
1283 1527 1323 1583 ut

298 1612 363 1683 rste
379 1634 450 1681 non
469 1608 690 1699 differantur,
706 1610 847 1683 liberari
865 1609 987 1683 mortis
1004 1627 1102 1683 metu
1126 1610 1321 1707 possumus,

299 1708 338 1781 id
363 1732 531 1805 agamus:
558 1708 610 1780 fin
638 1707 676 1781 id
701 1734 774 1781 non
803 1711 919 1807 potest
945 1708 1007 1783 nisr
1036 1709 1104 1781 hac
1130 1708 1322 1806 quaestione

300 1806 498 1880 animorum
524 1806 712 1903 explicata,
738 1834 846 1897 nunc,
871 1809 899 1881 sr
919 1807 1073 1893 videtur,
1091 1807 1162 1886 hoe
1182 1840 1192 1892 ;
1221 1807 1322 1893 illud,

300 1905 396 1978 alias.
449 1908 506 1978 M.
532 1906 641 1979 Quod
672 1909 776 1980 malle
805 1926 841 1979 te
871 1906 1046 2005 intelligo,
1077 1906 1116 1979 id
1142 1924 1231 2003 puto
1257 1907 1323 1979 esse

303 2002 552 2087 commodius;
594 2004 729 2078 efficiet
761 2005 856 2078 enim
895 2003 995 2095 ratio,
1028 2026 1069 2078 ut
1100 2030 1326 2103 quaecunque

302 2128 385 2175 vera
401 2102 444 2173 fit
461 2127 581 2175 earum
597 2103 847 2177 sententiarum
864 2130 950 2199 quas
973 2104 1131 2202 exposui,
1149 2128 1242 2176 mors
1267 2122 1327 2176 aut

303 2203 437 2275 malum
462 2226 534 2273 non
558 2200 614 2291 fit,
630 2220 690 2275 aut
706 2202 751 2276 fit
767 2206 904 2277 bonurn
919 2204 1049 2300 potius.
1101 2205 1198 2277 Nam
1220 2203 1326 2275 srcor

302 2320 365 2373 aut
382 2300 520 2395 sanguis
546 2318 607 2381 aut
631 2304 817 2375 cerebrum
841 2303 893 2376 est
917 2301 1077 2387 animus;
1105 2321 1212 2390 certe,
1235 2328 1325 2399 quo-

303 2398 401 2497 niam
425 2399 477 2471 est
501 2422 641 2496 corpus,
659 2399 818 2476 interibit
834 2424 919 2475 cum
944 2398 1083 2499 reliquo
1101 2424 1275 2501 corpore:
1299 2400 1327 2473 sr

355 2651 371 2679 ⁰
399 2642 452 2699 Hae
468 2640 533 2720 sunt
555 2642 617 2717 fere
641 2642 672 2701 de
696 2643 794 2718 animo]
844 2646 1041 2723 Pictorumque
1070 2666 1135 2704 vero
1159 2645 1243 2703 MSS.
1266 2643 1330 2701 fides

306 2722 412 2797 Vulgo,
431 2720 541 2799 basum
550 2724 611 2797 sere
624 2724 753 2783 omnium
766 2723 799 2783 da
845 2728 883 2783 est
903 2726 1049 2803 sequenda,
1062 2747 1126 2784 cum
1148 2746 1206 2783 non
1226 2726 1282 2782 alia
1291 2726 1330 2782 lo-

308 2802 400 2859 animo.
441 2803 492 2860 Sed
512 2822 566 2859 vox
582 2803 690 2860 omnium
711 2804 798 2862 nesci·
847 2808 949 2883 quendi
970 2808 1075 2865 ratione
1096 2808 1128 2864 fit
1147 2806 1211 2864 usur
1230 2806 1331 2871 Labeo,

308 2890 358 2939 tur
383 2902 400 2939 a
426 2882 496 2961 Reg.
522 2883 601 2941 Med.
634 2894 662 2941 et
696 2884 798 2961 Ellens.
848 2887 936 2963 Digg.
956 2888 1005 2947 lib.
1026 2889 1064 2945 iv.
1090 2889 1136 2945 tit.
1157 2887 1197 2943 iii.
1222 2885 1277 2963 leg.
1297 2886 1333 2942 ix.

311 2973 376 3021 tert.
848 2984 880 3040 3.
1210 3010 1213 3016 .

354 3050 368 3077 ¹
390 3042 541 3100 Levibuset
555 3042 683 3118 rotundis]
713 3041 800 3113 Λεὶοις
889 3056 902 3083 ¹
923 3048 970 3122 Est
982 3045 1277 3123 dffcilcconsundere]
1299 3047 1334 3105 E·

313 3119 361 3178 rtul
383 3120 572 3202 σφαιροειδὲσι.
601 3124 674 3183 Vide
692 3125 800 3183 Aristo-
849 3124 926 3184 liens.
942 3147 984 3205 pr.
999 3128 1140 3202 cerffutare,
1155 3126 1257 3204 reliqui
1276 3126 1335 3183 vul·

311 3200 394 3265 telem
414 3200 448 3267 de
467 3203 568 3261 Anim.
588 3202 638 3263 lib.
653 3205 672 3261 i.
695 3224 756 3281 oep.
772 3223 799 3264 a.
849 3218 944 3283 garam
971 3208 1117 3267 teutonem
1144 3206 1262 3271 serrant.
1276 3225 1336 3280 quae

313 3281 492 3339 Plutarchum
512 3284 546 3339 de
562 3282 633 3341 Plac.
648 3284 748 3342 Philos.
762 3286 799 3343 iv.
850 3299 943 3345 tamen
956 3288 994 3345 est
1013 3289 1198 3363 incommoda.
1238 3285 1336 3345 Forsan

314 3380 343 3435 3.
365 3362 506 3419 Laertium
528 3364 565 3421 ix.
579 3380 628 3437 44.
648 3365 690 3421 ed.
710 3365 802 3424 Amst.
852 3367 1051 3427 rescribendum
1063 3366 1337 3446 comnngmmocest,

314 3450 343 3498 et
358 3442 506 3511 stobaeum,
517 3442 613 3521 Eclog.
624 3444 703 3521 Phys.
713 3464 743 3523 p.
752 3464 803 3524 93.
852 3448 1024 3517 connedtere,
1038 3450 1084 3507 seu
1103 3450 1138 3506 de
1153 3460 1272 3524 utroque
1286 3447 1337 3503 im·

315 3522 359 3579 ed.
373 3523 463 3580 Antv.
786 3525 789 3532 ’
853 3528 1060 3606 presentiarum
1071 3548 1158 3605 agere.
1180 3527 1339 3594 Plinium}-

356 3611 371 3650 Υ
391 3603 495 3663 Harum
510 3603 695 3680 sententiarum
707 3638 748 3651 -
761 3608 807 3664 vi·
854 3610 917 3686 pist.
929 3612 966 3667 iv.
976 3628 1006 3687 9.
1027 3614 1114 3684 Qenr
1127 3610 1277 3682 (laborem)
1289 3606 1339 3680 dis·

317 3682 398 3758 derit]
427 3684 536 3745 Laudat
550 3684 726 3756 Lastantius,
738 3688 805 3748 Dir.
846 3688 945 3760 ficilr'us
957 3692 992 3765 cst
1003 3704 1107 3769 repetere
1122 3709 1198 3767 quam
1213 3687 1339 3765 jungere.

318 3763 449 3822 Inst.vii.
465 3764 492 3821 8.
772 3798 776 3805 v
857 3770 1081 3838 Quinetilianus,
1101 3770 1139 3826 iv.
1162 3788 1189 3827 a.
1217 3768 1249 3827 Si
1261 3768 1341 3845 plura

359 3852 374 3880 ⁸
394 3844 470 3901 Inter
492 3842 540 3903 das
551 3846 689 3923 sententias
712 3846 809 3921 dijudi·
853 3849 1089 3927 praedamnatam
1101 3849 1268 3925 conjungere
1286 3846 1342 3904 lice·

320 3922 392 4002 rare]
415 3917 515 3982 Eli'ens.
530 3944 571 4001 pr.
585 3936 647 3984 tert.
660 3928 688 3983 in
700 3927 810 4006 bassen—
858 3928 896 3986 bit
917 3952 976 4009 quae
994 3930 1101 4008 obstm
1130 3930 1204 3987 Vide
1223 3930 1256 3985 fis
1274 3924 1343 4001 ejus·

322 4002 433 4073 errulum
456 4006 610 4063 Lambinus
630 4018 723 4065 autem
738 4028 810 4084 prae·
858 4010 921 4066 dem
935 4011 999 4068 libri
1011 4030 1073 4089 cap.
1087 4029 1116 4084 4.
1130 4021 1157 4069 et
1170 4010 1198 4085 J.
1213 4009 1258 4067 Fr.
1272 4008 1342 4065 Gro-

323 4081 484 4159 posrtionem
494 4086 638 4151 delendam
648 4088 767 4157 censuit3
782 4098 811 4146 et
858 4090 975 4148 nuvium
985 4092 1021 4150 ad
1032 4093 1140 4153 senece
1149 4084 1342 4168 Thyestemvfi

322 4160 438 4223 insane
456 4162 532 4244 loqui
553 4166 639 4228 solent
658 4167 811 4247 scriptores.
859 4170 928 4249 467.
975 4235 979 4241 ,
