2817 4859
269 395 336 478 150·
474 369 666 456 roseus.
694 365 1087 454 ursnuiririouusr

266 551 398 626 doloris
429 553 585 626 remedia
612 553 816 651 quaerenda,
840 550 904 648 qui
932 551 1092 624 dolorem
1123 549 1306 622 malorum

267 651 430 724 omnium
455 652 653 725 maximum
677 649 833 725 dixerit:
860 648 1053 747 “quamvis
1074 649 1173 721 idem
1195 646 1305 720 forti-

268 751 391 823 culum
419 750 453 824 se
480 749 517 822 iu
543 749 757 824 torminibus
777 766 814 822 et
839 747 877 821 in
903 749 1098 847 stranguria
1120 748 1182 820 sua
1206 769 1307 845 prae-

267 851 362 922 beat.
414 848 574 923 Aliunde
608 849 717 948 igitur
749 851 801 922 est
825 849 1017 946 quaerenda
1045 843 1237 934 medicina,
1266 862 1308 919 et

269 949 424 1021 maxime
440 948 588 1045 quidem
607 949 649 1044 (fi
672 947 762 1046 quid
786 946 942 1022 maxime
966 947 1242 1020 consentaneum
1258 943 1308 1018 fit

270 1047 477 1146 quaerimus)
503 1051 547 1122 ab
569 1045 623 1120 his
644 1047 776 1145 quibus
797 1048 898 1144 quod
921 1047 1110 1119 honestum
1131 1045 1188 1132 fit,
1206 1045 1306 1118 sum-

270 1171 371 1220 mum
398 1149 561 1232 bonum;
589 1145 689 1244 quod
714 1164 830 1244 turpe,
856 1147 1035 1219 summum
1060 1143 1201 1216 videtur
1225 1154 1318 1216 mai
1406 1200 1407 1213 ,

271 1246 361 1320 lum.
413 1244 483 1318 His
499 1263 539 1318 tu
556 1243 789 1342 praesentibus
806 1269 959 1343 gemere,
977 1263 1013 1317 et
1024 1245 1159 1340 jactare
1175 1261 1211 1316 te
1227 1265 1308 1315 non

270 1343 417 1513 auflebis
434 1345 622 1442 profecto:
648 1346 817 1443 loquetur
831 1343 929 1418 enim
944 1369 1068 1418 eorum
1085 1365 1175 1417 voce
1188 1339 1308 1418 virtus

174 1508 178 1518 .
272 1463 311 1542 lp
327 1467 347 1514 a
363 1460 496 1516 tecum.
1315 1458 1318 1467 ·

322 1540 431 1616 XIX.
456 1542 577 1632 Tune,
604 1567 689 1618 cum
715 1567 841 1642 pueros
871 1543 1140 1630 lacedaemone,
1167 1536 1309 1612 adoles-

275 1659 394 1714 centes
412 1642 523 1738 Olym
551 1641 608 1731 iae,
626 1644 794 1716 barbaros
820 1642 856 1714 in
882 1667 998 1726 arena,
1015 1638 1144 1714 videris
1165 1636 1307 1734 excipi-

274 1759 371 1813 entes
398 1739 496 1838 gravi
524 1763 614 1812 imas
641 1741 763 1839 plagas
795 1758 831 1814 et
857 1740 1008 1814 ferentes
1037 1737 1186 1827 silentio,
1215 1735 1245 1808 fi
1271 1755 1310 1808 tc

274 1839 366 1912 sorte
397 1841 499 1912 dolor
524 1838 651 1936 aliquis
681 1839 894 1936 pervellerit,
920 1837 1134 1913 exclamabis
1160 1853 1202 1910 ut
1223 1859 1310 1908 mu·

274 1939 366 2010 lier?
393 1951 486 2010 enec
508 1939 722 2023 constanter,
738 1958 774 2013 et
800 1938 915 2011 sedate
941 1939 1061 2010 feres?
1105 1934 1203 2009 Ferri
1231 1959 1308 2007 non

275 2037 416 2132 potest:
454 2053 577 2108 natura
608 2061 682 2109 non
710 2035 857 2134 ‚patitur
908 2035 1042 2110 Audio.
1094 2031 1223 2107 fPueri
1255 2033 1310 2106 fe-

277 2151 385 2220 runt;
413 2135 526 2232 gloria
547 2135 650 2231 ducii
668 2136 810 2224 ferunt;
836 2137 973 2236 pudore
995 2134 1082 2223 alii;
1108 2131 1213 2208 multi
1230 2139 1310 2205 rue-¹

315 2329 332 2370 ἆ
356 2334 484 2411 Quam
505 2333 569 2392 idean
580 2335 734 2410 forticulum
738 2335 797 2414 se·
817 2351 852 2394 ne
873 2334 1076 2394 rescribendum
1097 2329 1146 2408 τὴν
1165 2330 1311 2411 μακαρίαν

277 2416 305 2476 in
318 2415 466 2474 luminibus
480 2430 505 2472 er
520 2416 705 2494 instranguria
715 2415 769 2495 sua
817 2409 927 2495 olyrrlsr
941 2409 970 2508 'Q
983 2405 1048 2510 dua
1061 2415 1312 2472 ΤΕΛΕΤΓΑΙΑΝ

275 2493 408 2574 praebeat]
431 2497 540 2570 Laudat
553 2497 665 2556 Nouius
676 2497 704 2554 in
716 2512 770 2554 wr-
816 2491 919 2576 ἡμέραν
933 2516 966 2553 rs
981 2491 1052 2568 βκαυ,
1067 2494 1142 2570 quod
1154 2494 1196 2550 rel
1212 2513 1257 2550 res
1268 2493 1313 2569 ip·

279 2576 366 2634 minas.
408 2575 545 2651 Epicurus
569 2575 599 2633 in
623 2577 710 2652 Epist.
735 2577 770 2634 ad
818 2577 847 2633 sa
860 2576 925 2633 satis
938 2575 1042 2633 doceat.
1076 2573 1312 2633 Emendationem

280 2655 484 2730 Hermachum,
497 2655 547 2712 lib.
561 2655 592 2714 ii.
612 2657 646 2713 de
666 2657 729 2714 Fin.
743 2676 770 2714 c.
818 2666 912 2714 tamen
927 2656 1046 2714 nostram
1061 2653 1223 2721 firmabit,fi
1238 2671 1313 2732 opus

280 2753 332 2808 30.
362 2733 427 2791 Cum
441 2753 571 2812 ageremus
584 2735 653 2793 νίκα
670 2734 772 2794 beatum
798 2735 865 2804 Oest,
889 2737 1036 2804 Arrianus,
1059 2734 1155 2812 Epist.
1176 2734 1225 2792 lib.
1240 2733 1274 2791 ii.
1287 2753 1314 2792 c.

280 2827 306 2870 er
319 2813 422 2872 cundem
437 2813 596 2896 supremum
615 2814 689 2884 dum,
701 2815 770 2892 scri-
820 2817 900 2875 xxiii.
921 2837 949 2894 p.
966 2835 1033 2894 249.
1072 2815 1130 2873 Νῦν
1151 2812 1178 2871 δὲ
1199 2811 1226 2872 ri
1240 2813 1314 2882 ἐςὶκ,

283 2893 402 2952 bebamus
417 2893 480 2952 haec.
518 2893 694 2954 Tantiuutem
705 2918 772 2961 mor·
820 2891 1030 2975 Ἐπὶκουρε-τὸ
1043 2891 1164 2974 γράφον,
1177 2889 1222 2952 ὅτε
1242 2890 1314 2972 αἰκὲς

284 2974 310 3031 bi
331 2973 445 3033 'aderant
470 2977 561 3053 veficae
585 2991 609 3034 et
636 2975 771 3036 viscenrm
821 2971 991 3052 lenunculo
1005 2973 1315 3051 τὴνΤΕΛΕΥΓΑΙΑΝ

285 3056 393 3130 (inepte
406 3056 463 3114 Pal.
478 3077 521 3133 pr.
530 3067 558 3114 et
570 3055 711 3115 Victorius
722 3060 772 3116 ha·
820 3047 908 3134 dyosl'
923 3050 991 3137 αἷμα
1004 3052 1030 3136 a&
1043 3051 1185 3136 μακαρίαν
1197 3050 1317 3135 ἡμέραν.

284 3137 350 3190 bent
365 3136 508 3206 torminum,
522 3137 586 3194 licet
600 3140 672 3195 hanc
681 3138 773 3202 Tullii
822 3136 939 3214 Epicuri
953 3136 1148 3195 fortitudinem
1169 3137 1199 3193 in
1220 3134 1315 3214 perfe-

285 3233 403 3272 manum
437 3213 488 3272 elle
522 3215 686 3275 vociferetur
711 3219 772 3295 Jac.
822 3217 913 3276 tendis
928 3219 1022 3276 vesrcae
1041 3217 1216 3274 etvil'cerum
1235 3218 1317 3273 mor}

284 3295 454 3366 Gronovius)
484 3309 513 3352 ut
539 3296 605 3354 nihil
628 3297 667 3354 ad
690 3316 774 3356 eorum
822 3297 865 3356 bis
877 3299 1009 3376 praedicat
1020 3299 1104 3356 etiam
1117 3299 1228 3366 Seneca,
1237 3297 1317 3374 Epp.

249 3420 257 3438 .
285 3373 485 3452 magnitudinem
503 3375 581 3452 poffit
600 3377 667 3460 (leg.
682 3378 773 3456 pistas)
822 3377 891 3436 lxvi.
905 3379 971 3438 xcii.
1304 3444 1309 3452 ,

281 3453 408 3520 accedere.
445 3457 514 3514 Haec
529 3466 663 3536 tanquam
677 3479 711 3514 ex
727 3459 774 3515 lit·
863 3467 877 3496 θ
892 3459 955 3518 Nec
969 3455 1120 3534 constanter]
1134 3457 1242 3534 Vulgo,
1257 3477 1318 3517 uon.

286 3536 352 3614 teris
368 3537 402 3594 ad
417 3537 596 3596 Idomeneum
610 3538 681 3596 datis
694 3538 774 3599 Grae·
822 3535 889 3598 MS.
902 3558 966 3596 vero
986 3539 1107 3596 Cantab.
1122 3537 1230 3614 sequor,
1246 3557 1318 3597 curn

286 3636 318 3674 ce
332 3617 366 3674 src
380 3616 461 3673 refert
475 3617 613 3689 Laertius,
627 3639 654 3676 x.
671 3637 717 3676 22.
731 3621 774 3678 ed·
822 3639 880 3696 quo
899 3618 966 3678 facit
985 3619 1137 3686 Charisius,
1150 3618 1200 3678 lib.
1214 3619 1248 3680 ii.
1263 3619 1318 3678 eol.
1342 3605 1351 3634 ⁹

286 3697 374 3754 Amst.
398 3693 452 3769 Τὴν
462 3693 603 3775 μακαρίαν
617 3689 733 3778 ἄγοντες
746 3693 773 3781 κς
825 3711 893 3816 19ἔ.
910 3768 913 3772 ⁴

287 3771 351 3855 ἅμα
370 3779 650 3836 ΤΕΛΕΤΓΩΝΤΕΣ
671 3774 775 3858 ἡμέραν
889 3779 970 3837 Pueri
970 3780 1083 3855 ferunt:
1095 3777 1183 3859 gloria
1192 3775 1269 3838 ἆιιᾶὶ
1267 3775 1320 3852 fe

170 3915 174 3923 ,
286 3855 335 3915 τοῦ
351 3851 583 3954 &astypalaeicas
604 3853 664 3938 ὑμῖν
684 3855 773 3921 rausi·
822 3873 901 3928 mult
916 3859 1014 3939 pudore
1032 3859 1094 3934 aliz]
1120 3859 1227 3935 Vulgo,
1241 3858 1321 3938 pueri

217 3952 220 3964 ·
279 3957 465 4016 sparsorum
479 3934 775 4016 παρηκολουθήκει,
813 3941 910 4018 serum
916 3940 1003 4018 gloria
1016 3939 1097 4007 aaut
1106 3941 1203 4019 jerunt
1219 3937 1321 4020 pudore

288 4011 314 4107 >9
337 4013 509 4114 lursvrrfurri
527 4013 606 4092 πάδη
627 4013 775 4094 irruistis
824 4019 882 4081 alii.
920 4021 975 4078 sed
996 4040 1111 4099 pravam
1132 4019 1212 4077 illam
1228 4020 1319 4078 inter·

288 4115 324 4154 ax
351 4091 535 4156 αἱαολειποναα
556 4095 592 4156 rii
618 4095 645 4154 ἐν
669 4099 776 4167 ἑαυταῖς
824 4099 1005 4178 punctionem
1037 4101 1203 4158 mutandam
1238 4098 1321 4176 suilla

288 4171 436 4253 αεγὲδους.
466 4178 511 4236 Ex
524 4178 666 4238 Ciceronis
679 4179 778 4264 verfi03
825 4179 870 4240 Cl.
884 4181 1025 4240 Bentleius
1039 4179 1110 4240 recte
1124 4180 1204 4240 vidit.
1283 4186 1288 4192 “
