2817 4859
239 394 300 456 4²⁸
463 387 468 399 ·
571 354 940 429 annuunrrouus

239 558 390 615 doxemnt.
430 550 477 609 Tu
492 549 617 629 quidem,
630 546 707 625 quod
723 544 785 603 sane
799 542 913 609 nollem,
926 538 1054 597 librarios
1071 556 1088 593 a
1107 535 1191 613 culpa
1206 522 1274 592 tlte·

242 674 296 719 nae,
308 652 415 710 audiori
434 651 484 728 ipsr
504 648 612 705 crimen
626 644 759 720 attingite
782 642 856 719 quau
874 634 1085 719 oiptsorreraibor,
1107 633 1183 709 quod
1203 627 1277 689 nihil

241 752 319 809 aliud
338 768 426 825 quarn
444 744 741 826 pranderebfignificab
755 743 801 799 ille
821 758 908 799 errore
931 736 1080 815 plusquam
1102 730 1204 811 puerili
1225 748 1278 806 pro

242 842 380 924 aspisatim
393 846 448 903 five
455 843 567 917 sortitor
575 842 670 916 fecere
679 837 834 917 accepisset.
876 838 950 895 Bene
971 852 1036 893 vero
1054 832 1130 908 quod
1144 848 1202 885 non
1216 826 1278 903 pri·

244 960 318 1011 mue,
331 943 378 1001 sed
396 940 457 1020 posi
470 940 578 999 Aldum
599 936 777 1002 Manutium,
796 934 938 993 Ciceronis
959 948 1055 988 manea
1076 938 1134 984 tam
1155 923 1279 1001 graviter

243 1041 362 1100 violasti.
401 1040 462 1097 Qui
476 1046 569 1095 autern
584 1046 645 1094 tam
660 1036 780 1111 turpiter
793 1031 820 1090 se
833 1034 898 1090 dare
912 1030 1014 1108 potuit,
1024 1028 1073 1105 qui
1087 1026 1112 1083 se
1121 1026 1221 1083 Graece
1235 1021 1279 1079 lu·

244 1138 370 1196 colenter
385 1133 455 1192 scire
468 1134 549 1191 toties
563 1131 719 1209 profitetur,
733 1131 783 1207 qui
798 1130 891 1207 plures
907 1128 1020 1185 Graecos
1042 1126 1071 1182 in
1088 1122 1168 1180 omni
1182 1120 1278 1177 litera·

245 1254 309 1305 nem
327 1257 428 1314 genere
440 1232 629 1294 versatiffimoa
648 1232 726 1289 domi
747 1232 848 1298 alebat,
862 1230 908 1287 cui
927 1228 1063 1305 sempera
1077 1242 1164 1281 manu
1186 1220 1281 1281 aderat

244 1335 315 1393 Tiro
339 1334 455 1391 libertus
474 1328 619 1407 utriusque
639 1328 772 1387 sermonis
794 1324 993 1403 peritissimus?
1036 1321 1137 1379 Quid?
1159 1334 1280 1375 nemone

245 1448 341 1489 eorum
355 1429 460 1505 quibus
474 1428 620 1497 recitabat,
633 1427 736 1503 quibus
751 1425 880 1483 mittebat
900 1423 1002 1500 scripta
1021 1420 1078 1489 sua,
1092 1438 1149 1477 non
1164 1418 1280 1483 Brutus,

246 1540 304 1581 non
328 1524 453 1588 Atticus,
473 1531 583 1579 mature
607 1523 756 1578 admonere
782 1520 910 1597 poterat?
944 1519 1052 1575 Verum
1074 1514 1149 1573 esto:
1171 1522 1201 1569 et
1223 1506 1280 1587 ipse

246 1617 346 1683 Graece
360 1616 488 1674 indoctus
502 1616 531 1673 id
545 1614 699 1681 nesciverit,
714 1617 790 1691 quod
803 1614 882 1692 pueri
904 1614 932 1671 iu
948 1611 1054 1671 Scholia
1068 1608 1280 1667 declamitantee

248 1722 312 1771 turn
325 1712 466 1783 sciebant5
486 1722 516 1769 et
528 1711 613 1769 amici
626 1711 811 1769 dormitantes
825 1722 936 1767 monere
951 1708 1134 1785 neglexerint.
1176 1703 1260 1769 Ouid
1268 1703 1279 1757 l

248 1831 285 1869 an
301 1831 357 1869 non
371 1810 517 1869 indostum
532 1810 624 1877 modo,
639 1808 684 1866 sed
703 1820 732 1865 et
752 1808 880 1865 stolidum
902 1807 1098 1885 stupidumque
1117 1801 1279 1879 fingemus?

249 1905 363 1967 stolidus
378 1906 454 1964 enim
467 1916 497 1963 et
512 1905 594 1982 plane
614 1904 762 1982 plumbeus
783 1904 867 1963 suerit
887 1902 989 1963 necesse
1009 1902 1056 1971 est,
1076 1902 1126 1978 qui
1150 1899 1282 1961 leonidae
1403 1958 1404 1961 ,

249 2002 360 2061 dicium
373 2014 424 2061 aut
443 2005 479 2060 lic
493 2005 613 2070 verterit,
627 2013 676 2059 aut
692 2003 729 2059 fic
749 2000 855 2060 versum
870 2002 1087 2072 collaudaverit;
1109 2000 1160 2077 qui
1174 1997 1279 2057 etiarnsi

250 2101 280 2159 in
300 2100 453 2177 exemplari
474 2100 573 2157 Graeco
592 2094 737 2176 ἀριςεύετε
759 2100 832 2157 male
853 2100 985 2179 scriptum
1005 2098 1054 2156 eslb
1072 2096 1213 2175 fingamus
1230 2114 1282 2173 pro
1403 2162 1404 2165 Ἴ

249 2184 381 2272 cipis-dra,
392 2216 448 2253 non
460 2196 516 2273 ipse
528 2216 578 2272 per
590 2194 653 2252 sevi
669 2197 754 2273 ipfius
768 2194 912 2255 sententiae
925 2206 1046 2256 erratttm
1062 2192 1281 2273 deprehenderit.

250 2296 376 2355 Quidvis
393 2295 481 2371 igitur
500 2301 639 2351 tentemus
657 2294 762 2377 potius,
774 2298 802 2353 el
821 2305 920 2351 notum
943 2293 1120 2352 librariorum
1143 2291 1282 2368 stuporem
1403 2310 1404 2375 ᾗ

250 2391 419 2460 incusemus,
430 2410 516 2466 quam
531 2401 564 2448 ut
577 2391 723 2467 ingenium
737 2392 829 2449 omnis
844 2392 896 2449 aevi
908 2390 1143 2469 praeclarissimum
1155 2400 1216 2448 tam
1231 2410 1284 2467 pu·
1403 2448 1404 2473 1

249 2490 335 2549 dendi
349 2490 446 2547 erroris
461 2488 644 2545 insimuletur.
685 2489 723 2546 Et
742 2500 773 2546 tu
793 2488 907 2566 quidem
923 2486 986 2565 jure
1007 2490 1107 2547 merito
1120 2490 1209 2546 bonos
1223 2488 1284 2545 illos
1403 2524 1404 2561 3

250 2589 335 2657 virne,
349 2588 399 2665 qui
415 2586 545 2645 Prandcte
556 2590 642 2645 ammo
652 2588 725 2663 forti
739 2587 917 2654 substituunt,
932 2586 980 2643 fibi
1000 2584 1080 2644 suurn
1102 2588 1203 2643 habere
1223 2606 1282 2663 per·

251 2683 363 2741 mittis:
386 2686 438 2740 hoc
450 2683 526 2737 enim
542 2684 584 2740 vel
600 2682 659 2760 ipsa
671 2696 780 2760 recepta
794 2682 913 2740 ledlione
928 2684 964 2739 est
979 2683 1111 2761 ineptius.
1148 2683 1222 2739 Vide
1235 2703 1284 2739 au·

251 2781 356 2851 tem,sr
374 2800 424 2837 nos
438 2778 509 2836 forte
527 2780 636 2856 aliquid
655 2781 748 2857 magis
768 2778 835 2838 scite
854 2781 1053 2857 excogitemus.
1094 2779 1233 2849 Primum,
1251 2782 1283 2838 de

251 2878 389 2951 sententia
403 2880 510 2937 abunde
524 2878 631 2937 constat
643 2900 678 2936 ex
692 2880 754 2936 aliis
769 2880 929 2937 audloribus
948 2898 1013 2937 curn
1029 2878 1136 2937 Graecis
1152 2888 1216 2937 tum
1231 2881 1283 2937 la·
1403 2900 1404 2927 1

251 2980 330 3043 tinio,
351 2999 422 3055 quos
442 2977 498 3055 ipse
522 2980 557 3035 ad
581 2988 673 3056 partes
692 2980 826 3035 advocas:
851 2978 879 3035 id
899 2976 987 3034 solum
1008 2978 1114 3053 negotii
1136 2977 1229 3045 restat,
1254 2987 1285 3037 ut
1403 2966 1404 3037 l

250 3076 387 3153 ejutrnodi
400 3078 482 3133 verba
495 3075 638 3134 sententiae
650 3077 828 3154 adaptentur,
839 3096 902 3151 quae
916 3076 951 3132 ad
964 3074 1109 3151 vulgatam
1120 3075 1285 3153 scripturam

252 3173 481 3250 quamproxime
498 3172 639 3229 accedant.
680 3170 765 3245 Quid
778 3171 820 3227 ille
839 3170 895 3227 dux
908 3169 1033 3229 Leonidas
1052 3170 1146 3227 dicit?
1182 3173 1286 3251 Pergite

251 3274 338 3329 animo
351 3271 432 3346 sorti,
455 3268 661 3326 Lat-edumarii.-
686 3268 759 3325 bodr'e
780 3269 853 3347 apud
875 3264 967 3343 inseror
980 3265 1094 3349 sortoffe
1118 3269 1287 3329 conabimur.

252 3368 313 3425 Ubi
328 3366 397 3423 illud
411 3366 475 3423 dicit
488 3365 686 3442 interpolatum
699 3366 856 3435 videtur‚et
871 3388 905 3425 ex
917 3367 1003 3443 glossa
1016 3366 1185 3444 prosedlum.
1215 3368 1285 3427 Scri-

252 3470 290 3530 bo
304 3468 402 3543 igitur,
420 3464 492 3541 Quid
509 3464 553 3522 itte
569 3463 627 3521 dux
641 3462 798 3522 Leonidas?
820 3474 853 3522 ut
873 3465 968 3541 paullo
985 3476 1059 3533 ante,
1074 3466 1108 3523 Irr
1127 3486 1189 3543 quos
1206 3467 1286 3525 Simo

251 3563 340 3622 nider.-
361 3562 442 3620 etita
456 3562 562 3638 paffim.
602 3562 712 3620 Deinde
732 3582 766 3620 cx
787 3562 843 3621 illis
856 3564 962 3640 Pergin
973 3564 1059 3621 animo
1068 3564 1150 3641 forti,
1164 3564 1228 3621 haec
1240 3582 1285 3620 ex·

253 3664 352 3729 tundo,
364 3672 394 3716 et
406 3669 497 3715 tutum
518 3660 612 3716 locum
625 3659 661 3715 sic
673 3652 812 3735 concipio,
826 3656 965 3727 Prandetc,
977 3660 1026 3725 ait,
1041 3660 1147 3735 ofortes
1160 3658 1285 3717 Lacedo·

253 3755 349 3811 nertii:
371 3754 442 3811 hodr'e
461 3752 534 3831 opud
549 3753 641 3825 irrferos
650 3752 767 3831 sortoffe
785 3751 970 3821 coartabimus„
992 3755 1064 3811 Sane
1083 3754 1153 3811 illud
1173 3756 1188 3809 d
1200 3738 1292 3827 sortes*

255 3851 286 3905 in
307 3853 463 3909 hortatione
485 3853 613 3931 apprime
630 3856 769 3913 convenit.
811 3852 892 3911 Nosti
917 3852 987 3912 illud
1006 3852 1108 3913 Teucri
1127 3853 1203 3931 apud
1225 3850 1284 3911 Ho-

250 3945 367 4019 atium,

260 4116 269 4129 .
351 4074 375 4123 0
375 4075 460 4136 sortes,
471 4077 598 4140 pejoraque
608 4077 665 4139 palli

382 4156 486 4225 Mecum
495 4158 557 4229 sape
567 4160 618 4215 riri,
630 4172 698 4227 nuuc
708 4159 766 4209 vino
776 4158 856 4231 pellite
867 4176 945 4215 curas.
