2817 4859
276 392 336 457 An
358 393 533 457 TUSCUL.
555 385 892 460 DISPUTATIONES.
1056 400 1115 477 427

78 576 251 637 substantivo
264 577 410 636 incederet.
438 576 504 654 Jatu
518 593 570 652 pro
582 574 633 632 ilio
645 586 740 631 terram
755 572 822 647 (Per
834 564 913 631 enim'
921 573 1115 653 compendiose

79 670 235 732 scribebant
248 691 305 730 una
318 673 414 744 litera)
428 672 497 747 quid
518 682 577 729 tam
597 669 760 746 proximum
781 678 809 725 et
822 668 976 739 verisimile,
990 688 1076 745 quam
1096 686 1115 727 a

79 781 165 849 poeta
178 769 312 847 scriptum
323 769 376 827 effe
387 782 474 839 ulra,
496 768 572 845 quod
586 765 670 824 saniei
684 766 830 842 epitheton
844 766 927 841 louge
943 766 1114 843 aptiffimum

79 868 130 927 est.
170 868 328 936 Lucretius,
342 879 410 925 utra
428 868 526 933 ulcera,
537 878 607 923 tetra
622 862 764 922 caddono.
805 863 909 939 legere
922 863 1007 921 etiam
1026 865 1115 942 pulsis,

81 962 270 1039 rurursanie,
283 980 335 1038 pro
347 961 404 1019 istis
413 977 461 1039 per
470 973 559 1026 tram
580 970 612 1015 ut
624 959 730 1015 Statius
743 957 804 1017 loco
819 960 886 1017 huic
898 960 1013 1036 gemino
1022 962 1056 1019 de
1068 980 1114 1019 ca·

78 1059 227 1118 daveribus
237 1058 378 1136 projediin
392 1058 482 1116 Theb.
497 1058 546 1115 xii.
563 1069 632 1135 577.

180 1194 307 1240 Quantum
318 1192 409 1238 etenim
412 1189 523 1255 yispereffi
533 1190 603 1239 rear?
620 1190 680 1236 nuda
690 1188 745 1255 ffb
751 1200 882 1257 putremque

179 1274 253 1321 Urere
264 1272 486 1336 permittatsanim.

79 1386 143 1445 Ubi
156 1387 239 1451 habes
251 1386 344 1463 plane,
364 1384 484 1464 reliquias
498 1382 634 1442 &indutis
648 1382 748 1459 offibm,
762 1394 790 1443 et
801 1386 876 1463 putri
884 1384 962 1463 sanic
977 1386 1115 1450 delibutus.
1155 1372 1157 1375 Ι

81 1487 135 1543 sed
147 1483 215 1542 satis
234 1486 268 1541 de
288 1482 400 1541 bennato
420 1482 568 1541 versuumr
587 1480 648 1557 jum
659 1483 696 1537 de
716 1480 840 1560 ozensara,
853 1503 904 1540 cur
913 1484 1053 1563 septenarii
1065 1507 1116 1545 vo·

80 1591 189 1639 centur.
229 1581 396 1638 Tenendum
410 1578 448 1636 ell
460 1578 559 1654 igitur,
568 1577 712 1654 duplicem
727 1578 795 1635 olim
810 1577 889 1636 fuisse
904 1582 1039 1639 rationem
1053 1600 1115 1640 vet-

81 1680 164 1737 suum
179 1678 401 1737 metiendorum:
425 1678 475 1753 qui
489 1676 603 1753 proinde
616 1695 667 1752 pro
681 1674 756 1733 varie
770 1676 902 1735 metiendi
917 1678 1023 1736 ratione
1037 1680 1116 1737 varia

77 1779 199 1835 nomina
213 1776 301 1834 sortiti
312 1776 385 1834 sunt.
428 1775 490 1833 oui
503 1775 642 1832 lambiens
654 1794 705 1851 per
722 1774 802 1831 binos
815 1774 897 1851 podes
909 1776 962 1833 five
976 1775 1115 1833 diiambus

76 1873 257 1943 scandebant,
267 1882 300 1931 ut
311 1872 368 1931 sere
379 1872 482 1942 Graeci,
496 1872 676 1951 appellabant
687 1871 823 1929 Trimelros
830 1894 843 1928 .·
857 1879 913 1929 tres
925 1871 1002 1929 enim
1013 1871 1116 1931 diiam-

78 1974 130 2031 bos
142 1972 300 2041 continent,

131 2140 135 2147 .
176 2098 343 2147 Amantiumi
356 2095 364 2165 Ι
377 2098 544 2147 rnemorisin
558 2094 565 2163 Ι
578 2097 736 2159 ωςητίοεῆι

79 2214 191 2273 Contra
214 2215 263 2290 qui
284 2234 333 2291 per
351 2212 472 2289 singulos
491 2213 573 2289 pedes
588 2212 769 2281 scandebant,
791 2210 908 2273 senarios
927 2218 1064 2277 iocabant
1081 2224 1118 2281 ut

78 2312 137 2370 iere
151 2310 269 2381 Latiui3
291 2309 335 2367 sex
347 2310 423 2368 enim
437 2310 574 2388 fimplioes
589 2310 702 2367 lambos
716 2310 872 2387 recipiunt:

178 2446 261 2493 Amen
275 2440 511 2510 ltiumilraeanro
523 2441 530 2509 Ι
543 2444 611 2492 risin
624 2440 630 2508 Ι
644 2451 709 2505 tegra
722 2440 728 2509 Ι
741 2444 828 2492 ticeli.

79 2560 190 2622 Eadem
211 2561 283 2619 talio
302 2561 341 2619 est
357 2560 593 2619 Trochaicorum:
616 2560 666 2637 qui
681 2580 731 2637 per
744 2560 907 2619 ditrochaeus
921 2561 1116 2635 metiebantur,
1222 2584 1225 2591 ·

77 2660 108 2718 T
107 2669 273 2717 etrametros
285 2658 425 2715 vocabant
437 2656 612 2715 catalediicos
625 2680 632 2714 ε
655 2657 761 2736 quippe
775 2658 864 2716 tribus
877 2658 1035 2719 ditrochaeis
1046 2680 1116 2720 con·

77 2758 165 2826 fiant,
178 2768 208 2815 et
220 2765 322 2833 quarto
334 2768 391 2812 ulta
403 2752 508 2831 syllaba
521 2756 639 2826 minore,

177 2883 252 2932 Tetra
260 2884 324 2934 sanie
336 2880 344 2949 Ι
356 2882 474 2932 delibutas
487 2880 494 2950 Ι
507 2883 570 2931 loede
580 2883 651 2932 direx
661 2877 671 2949 Ι
683 2884 757 2935 asieri

71 2998 178 3063 wlsius
197 3000 248 3077 qui
268 2999 388 3077 iugulos
407 3000 557 3057 Trochaeos
577 3000 772 3068 numerabant,
792 2998 960 3077 septenarios
978 3001 1125 3080 appellare·

74 3106 232 3178 poterant5
254 3094 300 3154 sex
312 3097 390 3155 enim
402 3097 553 3155 Trochaeos
568 3097 625 3171 (vel
638 3116 689 3173 pro
703 3097 869 3156 Latinorum
886 3118 962 3159 more
974 3100 1117 3179 spondeos

75 3208 132 3254 aut
145 3192 312 3271 anapaestos)
326 3194 482 3263 continent,
494 3202 523 3251 et
535 3192 686 3271 septimum
700 3193 843 3272 daltylum
854 3220 864 3269 3

178 3324 253 3373 Tetra
266 3320 272 3390 Ι
285 3324 349 3372 sanie
362 3319 370 3389 Ι
381 3323 428 3371 deli
442 3320 448 3389 Ι
461 3324 532 3372 butes
545 3320 551 3388 Ι
564 3324 627 3371 loede
639 3322 646 3389 Ι
659 3324 731 3373 direx
743 3322 751 3392 Ι
763 3324 831 3375 ulier.

73 3438 271 3517 Ergoeodem
288 3435 352 3514 jure
372 3458 429 3516 quo
448 3438 587 3495 iambicos
598 3438 756 3497 Trimetros
776 3441 874 3499 Latini
886 3442 1014 3503 Senarios
1035 3466 1117 3509 voca·

72 3544 162 3609 bant,
175 3540 206 3598 hi
226 3540 374 3597 Trochaici
388 3538 559 3597 Tetramelri
579 3536 683 3617 syllaba
702 3536 859 3599 deficientes
872 3562 889 3601 a
902 3544 1035 3605 Cicerone
1054 3546 1118 3608 sunt

73 3634 230 3717 septenni
241 3634 385 3712 appellati.
416 3634 664 3693 Quemadmodum
678 3648 706 3693 et
720 3637 820 3707 Varro,
831 3651 962 3700 nannete
971 3642 1118 3713 Diomede,

70 3756 109 3815 p.
127 3748 200 3813 514.
213 3752 299 3811 quem
312 3731 421 3789 uersum
440 3732 490 3790 alii
510 3733 668 3790 Iambicum
681 3734 892 3795 Tetrametrum
912 3738 1116 3801 Cataled'ticum

71 3840 197 3901 vocant,
211 3832 280 3909 quia
292 3841 414 3909 quatuor
426 3829 564 3888 diiambus
576 3851 635 3890 uua
649 3830 753 3909 syllaba
767 3834 862 3892 minus
877 3836 985 3914 recipit,

181 3962 251 4011 Nam
261 3960 279 4008 ti
291 3961 362 4009 remit
375 3958 381 4026 Ι
394 3969 446 4008 tent
456 3960 584 4023 quippiam
596 3957 603 4025 Ι
616 3961 788 4012 Philumenam
801 3959 808 4028 Ι
821 3960 927 4014 doloress

70 4082 133 4143 ille
153 4078 333 4158 Sulmonem
347 4080 481 4144 vocabas
502 4077 571 4153 quia
586 4076 631 4137 sex
651 4076 745 4137 lambi
765 4076 987 4157 fimplicescum
1001 4078 1119 4162 septimo

66 4178 155 4262 pede
169 4178 297 4241 Baccheo
310 4174 417 4239 rusum
430 4173 594 4246 conficiunt,
