2817 4859
247 344 307 425 278
457 342 647 403 TUSCUL.
671 336 1056 401 DlSl’UTA‘l'IONUM

275 501 451 586 tolerent,
481 501 711 599 gladiumque
744 500 835 573 hosti
864 500 901 571 in
934 496 1061 593 pessus
1092 492 1264 569 infixerit.

247 528 306 675 ile
324 590 366 673 L.
384 602 495 672 Bruto
511 602 651 671 sortasse
677 600 880 686 dubitarim,
904 622 948 667 an
974 611 1117 693 propter
1142 592 1266 666 infini-

247 714 326 771 tum
342 698 467 771 odium
489 698 629 795 tyranni
646 698 847 771 effrenatius
873 694 910 767 in
937 696 1112 766 Aruntem
1129 691 1269 765 invase-

247 796 316 871 rit:
343 796 450 869 video
474 798 570 871 enim
596 814 787 893 utrumque
815 792 975 867 cominus
1001 792 1079 865 ittu
1100 792 1268 866 cecidisse

247 895 435 970 contrario.
487 896 588 969 Quid
612 896 722 992 igitur
752 896 823 967 huc
857 890 1031 965 adhibetis
1067 890 1182 964 iram?
1222 914 1270 963 an

247 994 423 1069 fortitudo
439 994 504 1066 nisr
521 994 670 1068 insanire
690 992 814 1091 erepit,
832 991 983 1087 impetus
1008 991 1087 1063 suos
1103 1014 1175 1063 non
1201 988 1271 1061 ha-

247 1094 310 1167 bet
329 1095 342 1166 l
383 1092 507 1167 Quid?
548 1094 757 1177 Herculem,
776 1116 885 1188 quern
901 1088 937 1161 in
955 1091 1083 1163 caelum
1101 1089 1165 1161 ista
1182 1086 1272 1184 ipsa,

247 1216 356 1287 quarn
372 1216 435 1263 vos
451 1190 671 1263 iracundiam
687 1192 757 1265 effe
773 1189 893 1277 vultis,
910 1187 1046 1262 sustulit
1062 1185 1267 1259 fortitudo?

248 1289 423 1363 iratumne
448 1289 566 1363 censer
591 1288 792 1363 conflixisse
817 1288 950 1363 cumE
991 1284 1151 1361 manthio
1166 1309 1272 1381 apro,

246 1406 307 1462 aut
322 1389 425 1463 leone
442 1389 614 1462 Nemeaeo
632 1390 645 1461 l
678 1414 724 1461 an
749 1386 855 1463 etiam
871 1386 952 1459 The
968 1411 1029 1459 eus
1051 1384 1271 1458 ‘’Mantho-

244 1484 297 1557 nii
313 1485 404 1559 tauri
421 1511 554 1561 cornua
570 1484 842 1582 comprehendit
855 1484 987 1564 iratus?
1023 1482 1114 1555 Vide
1130 1508 1174 1555 ne
1190 1482 1269 1555 sor·

245 1582 364 1660 titudo
387 1585 533 1659 mittime
549 1585 593 1657 fit
612 1586 768 1668 rabiosa;
793 1585 907 1680 fitque
925 1582 1104 1657 iracundia
1121 1598 1199 1655 tota
1212 1583 1268 1653 le-

245 1681 387 1755 vitatis:
413 1708 529 1780 oeque
554 1682 650 1757 enirn
665 1684 717 1755 est
734 1684 805 1755 ulla
822 1681 1006 1773 fortitudo,
1023 1707 1104 1780 quoe
1121 1680 1272 1755 rationis

245 1780 296 1855 est
312 1806 450 1877 expers.

293 1880 440 1953 XXlll.
467 1881 749 1955 Contemnendae
764 1906 815 1953 res
832 1880 997 1955 humanae
1019 1880 1122 1951 sunt:
1150 1877 1271 1975 negliz

246 1979 363 2073 genda
388 2004 484 2049 moro
499 1980 575 2052 est:
602 1978 765 2076 patibiles
787 1997 822 2052 et
840 1982 978 2053 dolores
995 1996 1030 2051 et
1046 1979 1184 2051 labotes
1197 2002 1269 2075 pu·-

244 2072 355 2146 tandi.
405 2077 498 2151 Haec
520 2101 604 2149 cum
621 2078 814 2154 constituta
829 2078 898 2151 srnt
909 2076 1046 2170 judicio
1063 2096 1168 2171 atque
1188 2078 1271 2147 seu-

244 2171 380 2255 tentia;
407 2191 484 2247 tum
512 2176 564 2247 est
596 2178 739 2247 robusta
762 2175 824 2251 illa
846 2194 882 2249 et
906 2174 1038 2249 stabilis
1061 2174 1270 2259 sonituum

244 2268 307 2341 uili
331 2271 421 2345 sorte
448 2296 527 2369 quae
551 2273 793 2365 vehementer,
817 2275 955 2357 acriter,
978 2274 1131 2347 animose
1156 2272 1270 2361 fiunt,

243 2366 413 2445 ifacunde
429 2370 506 2443 fieri
524 2371 751 2468 suspicamur.
802 2372 902 2445 Mihi
915 2398 959 2445 ne
977 2371 1100 2469 Scipio
1115 2368 1271 2468 quidem

197 2552 205 2565 ο
242 2464 304 2538 ille
330 2467 497 2539 Pontifex
521 2494 709 2560 maximus,
731 2470 794 2568 qui
818 2472 889 2544 hoc
912 2470 1113 2543 Stoicorum
1137 2494 1268 2544 verum

244 2564 314 2637 esse
330 2566 535 2651 declaravit,
559 2569 765 2668 PNunquam
785 2570 958 2666 privatum
983 2570 1043 2665 effe
1068 2567 1270 2668 Sapientem,

242 2855 311 2911 tare,
325 2845 419 2901 nullus
431 2845 560 2919 equidem
581 2846 705 2903 dubitavi
721 2871 727 2904 :
778 2848 931 2913 adduxerat,
945 2846 1042 2914 nodie,
1058 2857 1094 2907 ut
1112 2848 1154 2905 ait
1171 2849 1270 2925 Hygi-

242 2944 311 2981 nam
332 2925 425 2983 Codex
446 2926 726 2997 venelitatem,
778 2948 840 2994 nus,
860 2930 927 2985 Fab.
946 2926 994 3000 38.
1036 2928 1113 2987 Hinc
1134 2928 1270 2999 Ovium,

243 3004 291 3060 alii
313 3006 358 3062 M.
382 3005 500 3061 Alienum
524 3006 728 3081 repraesentant.
778 3009 897 3065 Metam.
913 3008 960 3065 rii.
973 3026 1011 3081 43
1015 3022 1043 3085 5.

243 3084 295 3139 Sed
320 3084 365 3139 M.
389 3084 519 3141 Allienum
539 3089 726 3161 reponendum
895 3090 982 3154 -Tn
996 3088 1106 3145 maxime
1122 3088 1227 3168 Tbgl'eu,

242 3161 293 3217 esl‘e
306 3162 377 3219 redle
392 3164 501 3220 monuit
522 3164 648 3232 Urfiuus,
662 3188 729 3225 auc·
816 3166 923 3226 Mirata
944 3168 977 3241 cst
1000 3166 1145 3226 tlsaratsroa
1171 3170 1273 3229 cretae

242 3241 355 3298 toritate
388 3254 511 3300 veterum
552 3246 725 3303 denariorum
845 3246 977 3323 sanguiue
990 3249 1068 3305 tauri.

243 3320 339 3377 fretus.
374 3324 406 3379 Id
420 3322 483 3379 sane
502 3343 603 3381 nomen
616 3326 654 3381 ess
667 3326 725 3383 Ro·
776 3328 870 3385 Paullo
892 3328 968 3385 alitor
989 3328 1129 3387 Diodorus
1143 3330 1270 3401 Siculus,

242 3418 370 3457 manum.
408 3402 453 3459 Sic
474 3406 547 3478 apud
565 3405 727 3473 Gruterum,
775 3409 850 3465 Bibl.
863 3408 911 3465 lib.
924 3410 960 3465 iv.
972 3428 1036 3484 pag.
1048 3409 1116 3465 262.
1130 3411 1173 3469 ed.
1185 3412 1271 3471 Han.

241 3500 271 3555 p.
290 3499 354 3552 ²41·
371 3497 539 3540 memoratur
551 3485 585 3540 C.
597 3485 726 3543 Allienus
775 3498 803 3544 et
817 3489 980 3547 Plutarchus¹
993 3489 1021 3545 in
1035 3486 1118 3547 Thes.
1131 3511 1161 3567 p.
1175 3503 1204 3569 5.
1220 3494 1273 3552 od.

241 3560 395 3637 Epigonus.
434 3565 476 3619 Ac
496 3584 525 3640 p.
547 3564 612 3621 128.
630 3583 660 3636 3.
681 3584 727 3623 rr.
775 3568 836 3627 Par.
850 3586 920 3643 quos
934 3570 953 3625 si
966 3570 1042 3625 lubet
1056 3568 1127 3627 ride.

243 3657 373 3697 turim
389 3658 488 3699 oretur
506 3662 679 3703 oururtaur
694 3645 726 3703 fit
791 3694 794 3701 .
813 3656 828 3695 Ρ
847 3648 988 3724 Nunquam
1001 3648 1142 3724 privatum
1153 3650 1200 3729 ff
1211 3650 1270 3710 Sa·

242 3723 355 3777 mentio.
390 3722 502 3778 videet
522 3744 550 3799 p.
566 3742 635 3800 349.
653 3740 680 3800 7.
694 3746 727 3785 ao
769 3726 889 3804 piantem]
911 3730 955 3785 lta
975 3728 1110 3805 loquitur,
1123 3732 1203 3806 quod¹
1214 3752 1270 3808 pro

240 3798 412 3869 Ciceronem,
432 3802 530 3859 Divin.
546 3804 575 3859 io
591 3806 687 3861 Caecil.
701 3826 727 3865 c.
775 3807 928 3863 Stoicorum
951 3808 1085 3867 sententia
1103 3809 1174 3868 solua
1189 3811 1268 3889 sapi·

240 3896 286 3933 xv.
775 3906 823 3944 eus
837 3887 873 3944 esl
888 3888 1078 3963 Magistratus.
1102 3891 1187 3949 Adiri
1201 3891 1270 3969 pos·

280 3956 293 3982 ⁰
312 3960 475 4019 Marathonii
492 3962 578 4033 roura]
604 3963 725 4023 Theseus
774 3966 826 4023 snt
851 3968 995 4036 Horatius,
1020 3970 1070 4029 lib.
1095 3970 1116 4027 i.
1137 3972 1198 4029 Sat.
1223 3973 1271 4034 iii.

240 4046 352 4104 ratarum,
365 4041 725 4121 qeifairrlsaratbone,q1oem
778 4064 843 4117 124.
864 4046 1016 4115 Lucienus,
1027 4036 1077 4105 vis.
1088 4051 1176 4110 Auel.
1192 4060 1270 4111 tom.

240 4112 361 4175 Harudes
378 4138 398 4181 a
419 4120 497 4181 Creta
515 4122 727 4210 ad-Eurssbeuu
774 4124 793 4184 i.
808 4127 951 4205 pag.,382.
964 4138 991 4186 et
1005 4130 1035 4186 in
1049 4130 1182 4191 Hermot.
1195 4151 1271 4209 pag.

954 4246 957 4251 -
1194 4212 1272 4291 516.
