2817 4859
346 384 406 444 AD
426 384 597 446 TUSCUL.
617 380 953 443 DISPUTATIONES.
1107 402 1167 461 419

128 565 207 623 enirn
221 566 346 622 caventis
365 565 404 623 est
422 574 451 623 et
469 564 544 642 spem
564 565 663 623 aientis
683 584 716 625 ac
736 563 938 623 corioborsntis
949 586 957 633 3
980 558 1048 619 illud
1068 570 1165 621 contre·

129 658 209 737 spem
222 678 337 717 omnem
349 660 524 737 praecidentis
537 669 566 716 et
577 660 753 736 abnegantis.

170 759 243 835 Cap.
256 758 355 815 xxxiii.
378 756 456 815 Nihil
466 756 614 832 ueceffltatis
626 756 714 833 affert,
728 778 775 817 sur
787 759 927 835 nascantur
939 756 1029 825 animi,
1037 756 1163 834 similitu·

127 851 171 911 do.
216 853 315 911 Omitto
338 853 553 911 similitudines:
579 852 672 911 uellem
696 852 778 933 adcffl
796 851 874 932 paffet
900 852 1057 924 Panaetium
1092 854 1163 911 uiuit

126 970 187 1009 ιιιι
200 949 349 1024 Africano]
371 950 455 1007 Nihil
469 951 582 1027 pravius
594 960 621 1009 et
635 951 759 1029 ineptius
774 954 826 1009 hac
840 950 966 1009 ledlione.
1005 950 1083 1009 Nam
1098 952 1163 1009 ubi·

127 1065 251 1122 cumque
270 1046 391 1103 dicimus
407 1046 503 1104 Omitto
524 1057 574 1104 aut
587 1048 671 1105 Mioo
680 1072 690 1119 3
712 1048 803 1106 nostra
815 1047 1003 1125 significamus
1027 1068 1077 1105 nos
1094 1050 1162 1105 mit·

126 1151 186 1199 tere
198 1150 374 1217 argumente,
387 1162 451 1218 quae
466 1142 484 1198 fi
498 1162 568 1219 opus
581 1142 665 1201 fuerit
675 1136 797 1221 proferre
810 1142 965 1222 pollemus:
989 1153 1018 1201 at
1032 1144 1078 1201 hic
1092 1163 1161 1201 con·

127 1249 174 1297 tra
186 1238 333 1297 adversarii
351 1253 549 1315 argumentum
565 1240 674 1299 sedicit
692 1239 841 1299 omittere:
864 1260 930 1299 nam
945 1260 979 1298 ex
991 1240 1162 1318 ſsmilitudint

127 1337 388 1413 ingeniorumque
408 1335 459 1394 filii
479 1347 607 1414 parentes
627 1337 687 1395 suos
713 1338 812 1395 referre
832 1336 927 1405 solent,
941 1340 1082 1395 Panaetius
1095 1358 1159 1416 pro·

126 1434 193 1491 bure
206 1433 297 1491 voluit
309 1434 405 1491 animos
418 1434 493 1510 nasci.
538 1435 613 1511 Ergo
626 1434 795 1492 subtiliffime
808 1433 871 1492 sane
889 1434 1086 1511 fortillimeque
1106 1434 1162 1493 dis&

126 1537 221 1607 putat,
234 1528 285 1605 qui
300 1530 340 1597 id,
353 1548 410 1605 quo
428 1532 465 1589 ab.
483 1528 644 1586 adversariis
655 1540 781 1606 urgetur,
800 1550 856 1587 non
874 1530 1002 1597 refutare,
1017 1531 1061 1588 sed
1074 1531 1162 1589 omit·

126 1637 185 1689 tere
198 1625 223 1688 le
236 1625 391 1704 profitetur.
434 1626 523 1693 Quid,
538 1628 613 1703 quod
626 1628 655 1684 id
668 1627 759 1705 ipsum
773 1626 875 1689 salsum
895 1629 941 1696 est,
952 1627 984 1707 β
997 1630 1110 1687 omittere-
1116 1628 1160 1707 fi·-

124 1721 305 1781 militudiues:
326 1722 418 1800 pergit
433 1722 508 1784 enim
522 1734 722 1798 argumentum
740 1742 756 1779 a
771 1724 951 1781 similitudine
964 1724 1080 1781 dudlum
1095 1726 1161 1801 plu·

126 1820 205 1877 ribus
218 1820 353 1896 exemplis
366 1818 496 1877 refellere.
539 1821 623 1895 Quid
635 1820 746 1897 multe?
769 1820 918 1899 legendum
932 1816 983 1880 else
999 1822 1137 1878 contendo
1149 1841 1157 1879 t

129 1919 228 1979 Ouios
246 1939 572 1982 nrssrurutruuiuen:
595 1940 662 1977 narn
675 1920 761 1987 codex
774 1932 840 1977 tuus
850 1918 1045 1996 fimilitudinem
1065 1922 1160 2005 singu·

123 2018 178 2075 leri
196 2033 317 2076 'numero
336 2019 457 2078 exhibet.
497 2018 616 2096 Duplici
636 2017 740 2081 scilicet
757 2019 863 2087 ratione
877 2020 993 2077 Panaetii
1008 2038 1159 2101 argumens

122 2125 190 2173 turn
205 2117 344 2173 convellit.
384 2118 488 2183 Primo,
506 2116 557 2186 sit,
571 2116 764 2193 politolalem
785 2117 834 2175 else
855 2116 1013 2184 animorum
1029 2117 1160 2176 similitu·

122 2214 222 2272 dinem
235 2238 243 2284 ς
264 2235 297 2271 ea
309 2224 404 2274 tamen
423 2212 550 2283 efficitur,
563 2234 619 2272 non
634 2217 708 2293 quod
724 2214 773 2295 ipfi
790 2218 879 2273 animi
893 2238 909 2284 u
921 2220 1081 2295 parentibus
1095 2218 1158 2277 nas-

124 2324 237 2376 cantur,
251 2309 296 2367 sed
309 2310 384 2387 quod
398 2311 488 2369 animi
504 2330 594 2367 mores
607 2310 663 2367 fere
676 2309 738 2368 suos
751 2323 779 2369 et
798 2312 920 2385 indolem
939 2316 1042 2376 ducant
1056 2334 1072 2377 u
1086 2327 1158 2375 tcm-

123 2416 288 2485 peramenlo
306 2427 465 2485 corporum,
480 2428 545 2484 quse
564 2409 620 2465 fine
638 2408 724 2466 dubio
743 2420 892 2485 parentum
911 2411 1071 2489 corporibus
1090 2431 1158 2489 eog-

121 2514 192 2563 nata
205 2515 234 2562 et
248 2506 349 2564 fimilis
369 2506 443 2565 sunt.
483 2506 579 2583 Negat
600 2506 717 2564 secundo
734 2504 868 2583 ejusmodi
883 2508 1094 2572 similitudinem
1107 2509 1157 2584 elle

122 2614 307 2683 perpetuam:
341 2606 445 2673 Omitto,
466 2602 833 2682 inquit‚d1fflmilitudinem:
855 2604 984 2663 Africani
1004 2607 1110 2684 quippe
1129 2616 1158 2671 et

122 2703 211 2761 Craffi
225 2714 253 2761 et
273 2706 428 2763 mullorum
448 2706 587 2763 claromm
603 2694 736 2763 virorum'
748 2703 800 2761 lilii
821 2716 849 2761 et
869 2715 980 2783 nepotes
993 2708 1156 2783 parentibus

121 2798 299 2859 dissimillimi
310 2814 398 2867 erent.
434 2804 544 2867 Addere
560 2802 688 2881 potuiffet
702 2814 729 2859 et
741 2798 823 2857 suum
838 2800 969 2861 Mmcurn
984 2825 990 2858 :
1008 2800 1052 2859 sed
1067 2802 1089 2860 is
1105 2802 1156 2880 qui

122 2896 168 2952 vir
181 2898 292 2953 futurus
307 2895 368 2974 ell‘et
383 2898 508 2953 nondum
523 2896 684 2956 ostenderat.

163 2992 238 3069 Cap.
252 2994 348 3050 xxxiv.
369 2998 414 3050 An
426 2994 543 3072 quioniam
556 2991 605 3071 ipse
617 2992 698 3049 animi
712 2988 824 3071 disuqffles
842 3008 971 3069 accipere
986 3012 1035 3059 uuo
1045 2990 1085 3067 fit
1094 2994 1155 3073 stne

119 3088 233 3149 dolore?
255 3104 285 3147 ut
297 3088 398 3148 uadunt
410 3092 450 3149 itu
460 3091 517 3173 effe,
530 3110 607 3169 quam
621 3091 654 3165 ιβ
668 3088 700 3146 id
708 3090 850 3165 exigituml
869 3088 1004 3171 alfaltium
1017 3090 1062 3173 effi
1081 3090 1154 3149 arbi·

119 3200 194 3257 tror3
214 3185 283 3259 etfit
291 3186 586 3265 plerumquestueseusu,
599 3204 778 3265 nonnrtnquum
789 3184 865 3242 eliam
878 3207 934 3244 cum
947 3186 1098 3268 uoluptate:
1114 3203 1153 3245 to·
1185 3254 1187 3259 ¹

118 3292 228 3360 tumque
240 3280 286 3339 hoc
298 3282 357 3340 leve
369 3284 411 3359 ιβ,
422 3282 602 3363 qualecumque
614 3283 667 3356 qi.-
679 3281 720 3354 fit
739 3280 804 3339 enim
825 3279 863 3342 ud
875 3286 1000 3366 puut‘ittm
1013 3284 1151 3362 temporis]

120 3380 272 3437 Conlidem
284 3380 358 3440 sodes
371 3382 441 3438 illud
454 3380 643 3459 qualecumque.
685 3384 718 3440 ld
732 3384 807 3439 enim
823 3402 884 3439 eam
901 3383 958 3439 vim
973 3380 1003 3438 in
1022 3383 1075 3437 hoc
1092 3380 1157 3445 loco,

119 3481 218 3546 habet,
231 3482 307 3557 quasi
319 3482 431 3549 diceret,
447 3482 538 3539 Totum
553 3481 597 3539 boc
610 3483 669 3537 leve
681 3482 723 3555 ιβ,
737 3480 906 3563 quantumvis
919 3498 1003 3555 grave
1012 3480 1073 3554 stt.-
1095 3498 1153 3557 quu
1267 3532 1271 3539 .

119 3581 192 3657 quid
206 3581 334 3659 putidius
346 3592 374 3638 et
388 3579 530 3638 absurdius
543 3581 599 3639 dici
612 3579 700 3656 potest
712 3580 721 3633 ?
751 3579 815 3636 Sine
828 3576 915 3641 dubio
930 3574 1033 3655 scripsit
1044 3564 1167 3645 Cicerru'

121 3679 215 3737 Tutum
229 3678 274 3736 hoc
289 3698 390 3737 nuere
404 3680 451 3748 est,
466 3680 645 3757 qualecumque
657 3677 699 3752 ιβ.
741 3676 805 3732 Hoc
820 3674 876 3755 estq
899 3676 952 3732 Seu
962 3692 1049 3752 graue
1062 3674 1103 3741 lit,
1118 3685 1151 3731 ut
1163 3688 1165 3693 ’

119 3777 163 3835 illi
178 3777 363 3845 contendunt,
378 3777 422 3834 seu
435 3779 567 3853 ceiguum,
580 3788 613 3833 ut
626 3794 678 3851 ego
690 3772 805 3856 quidem
819 3772 946 3835 existimo
959 3796 967 3845 q
987 3783 1058 3829 certe
1074 3769 1151 3829 breve

117 3876 174 3951 ςβι
195 3877 268 3931 cur?
289 3873 396 3953 quiufi‘t
409 3874 447 3932 ad
455 3876 577 3951 punl‘ium
589 3871 713 3951 temporis.

159 3973 233 4049 Cap.
248 3992 332 4031 xxxv.
354 3974 414 4030 Nou
438 3971 511 4030 liberi
532 3972 633 4040 deleti;
655 3989 704 4026 nou
720 3968 841 4041 sortunae
861 3986 942 4026 omnes
965 3986 984 4025 a
1010 3964 1151 4025 nidoribus

106 4070 250 4150 poffiffae.]
269 4072 345 4128 Cum
359 4083 466 4127 caeterae
479 4090 576 4127 ornnes
587 4070 719 4125 editiones
734 4068 854 4123 habeant
866 4064 968 4139 destedq
990 4074 1024 4131 tu
1035 4085 1069 4125 ex
1084 4066 1149 4137 Mu·

112 4150 262 4244 nuscripto
281 4176 332 4229 tuo
351 4166 461 4244 reponis
481 4163 563 4223 ιίιὶιιὶ.
607 4164 701 4222 Cnaeus
715 4162 788 4229 mun,
804 4160 909 4253 inquis,
923 4173 947 4219 et
963 4158 1057 4222 Seuius
1074 4162 1150 4219 Poma

684 4279 729 4318 uc
747 4278 762 4315 2
