2817 4859
280 367 342 430 ⁴94
610 341 982 452 nunnunrrouns

280 547 368 606 quarn
382 527 544 586 Ciceronem
560 534 587 582 et
604 525 691 583 bonor
706 523 859 600 Scriptores
871 523 1006 600 tangere?
1030 521 1074 580 Te
1086 522 1184 599 potino
1195 519 1321 600 appollo,

281 623 322 682 mi
336 623 423 680 amice
435 647 443 692 3
465 623 510 680 cui
522 619 585 697 jure
598 621 665 678 adeo
678 620 799 698 contigit
813 620 858 677 hic
876 619 933 676 labi
946 630 975 676 et
988 637 1087 685 enare,
1099 618 1178 694 quod
1193 632 1255 674 ram
1267 637 1320 674 m·

280 711 334 776 suti
355 717 477 776 hominis
500 716 665 774 seutentiam
685 717 792 773 secutur
812 735 851 783 er,
872 733 959 792 quarn
972 713 1053 771 flocci
1067 713 1155 770 facere
1175 715 1322 770 debueras.

279 815 359 874 Libri
379 813 482 873 Gallici
505 824 533 871 et
554 815 654 880 Italici,
675 813 808 871 Palatinis
828 812 952 892 profesto
974 813 1111 879 meliores,
1131 812 1252 890 tuusque
1270 813 1320 869 ille

278 909 465 985 egregius,s1c
484 909 604 975 habent3
627 911 664 964 Ar
685 908 750 965 eninr
765 925 831 964 nou
841 908 900 984 stne
912 906 1051 984 &ruminio
1064 905 1320 981 officere‘nornnrr

270 1005 422 1084 sapientem.
465 1005 508 1061 Ex
529 1023 585 1080 qun
606 1003 725 1060 leeiione
746 1005 815 1079 quid
829 1004 954 1079 propius,
966 1003 1024 1059 veri
1038 1003 1166 1068 similius,
1181 1004 1320 1062 conveni-

279 1102 373 1158 entius
387 1099 454 1178 fingi
471 1101 556 1177 potest
571 1118 655 1176 quam
672 1099 743 1156 illud
758 1100 846 1156 Paulli
862 1099 1000 1169 Manutii‚
1014 1102 1052 1155 Ae
1066 1099 1131 1155 enim
1145 1101 1263 1174 nonſsre
1274 1099 1319 1176 {g-

279 1200 401 1257 nominiu.
442 1197 586 1274 Ignominia
605 1195 704 1270 efficere
720 1196 813 1274 poterit
823 1196 992 1274 sapientem?
1028 1197 1103 1254 Quis
1117 1197 1188 1253 aufit
1202 1215 1320 1272 negare,

280 1295 411 1354 sollemne
425 1297 477 1352 hoc
492 1293 611 1350 librariis
625 1291 727 1350 vitium
741 1291 802 1361 etse,
815 1303 856 1359 ut,
871 1293 980 1369 quoties
995 1293 1068 1350 idern
1083 1294 1253 1350 vocabulum
1267 1313 1319 1371 ge·

281 1392 416 1459 minatur,
438 1390 555 1448 alterum
584 1390 666 1448 niodo
688 1399 803 1466 ponant,
824 1392 944 1448 alterum
967 1389 1124 1446 omittunt?
1166 1391 1264 1447 Etiam
1288 1391 1319 1447 in

279 1487 403 1546 carmine
418 1487 468 1543 hoc
482 1485 597 1552 faciunt,
610 1497 644 1542 ut
664 1487 708 1542 his
726 1485 815 1545 oculis
836 1485 999 1562 saepiunt,
1020 1483 1069 1542 nbi
1083 1483 1142 1564 ipsa
1164 1486 1247 1542 metri
1270 1507 1318 1542 ra-

280 1585 321 1642 tio
341 1585 432 1662 culpre
453 1580 536 1660 liujus
557 1581 697 1638 immunes
718 1581 845 1659 pon-stare
866 1579 1003 1658 potuisset.
1044 1581 1130 1659 Ergo,
1143 1595 1174 1637 ar
1187 1581 1318 1641 eruum

269 1681 329 1760 fine
349 1679 488 1758 ignominia
509 1678 572 1736 sunt
590 1676 728 1751 olp'ieicntis
743 1680 834 1746 verba,
848 1689 881 1738 ut
902 1677 998 1754 paullo
1017 1688 1093 1745 ante,
1107 1681 1145 1734 At
1167 1677 1319 1737 muham

280 1777 350 1836 donis
366 1776 481 1854 aeficium
504 1777 683 1854 nonstncutis,
696 1795 785 1854 neque
800 1776 985 1835 concedentis.
1012 1775 1152 1852 Equidem
1168 1777 1237 1834 huic
1250 1779 1318 1839 Ma·

279 1879 353 1936 nutii
369 1877 535 1953 eonjeiiurae
550 1877 628 1934 sarco
642 1891 670 1934 et
683 1875 842 1954 applaudo:
863 1885 1057 1935 verumtamen
1071 1897 1107 1934 no
1126 1878 1201 1942 nihil
1210 1879 1315 1945 habeat

279 1976 326 2034 ille
339 1975 487 2032 benevolus
509 1975 583 2052 quod
604 1973 683 2049 poffit
703 1973 840 2038 arrodere,
853 1974 954 2030 addam
975 1973 1084 2048 aliquid
1097 1974 1132 2030 de
1147 1991 1220 2030 mou.
1262 1975 1315 2032 Pro

279 2061 327 2129 illo
341 2091 388 2126 non
398 2073 467 2147 stne,
481 2069 554 2148 quod
577 2069 685 2126 videtur
704 2069 800 2146 paullo
817 2070 986 2146 languidius,
1000 2070 1165 2147 delegerim
1179 2071 1234 2127 leri
1251 2091 1314 2144 nruf

278 2169 392 2246 tatione,
406 2171 444 2224 Ar
465 2185 516 2226 usn
532 2185 567 2224 ru
581 2185 708 2224 uouruu
722 2167 880 2247 ι’ὁιηιοιιιιίιιὶι.Ι
910 2171 961 2226 An
984 2188 1023 2226 nx
1041 2166 1142 2244 ufficm
1155 2170 1252 2247 poterit
1260 2169 1312 2248 β·

272 2267 411 2348 picntem?
432 2264 463 2322 de
473 2265 588 2344 sapiente
600 2265 665 2321 enim
679 2263 734 2322 iaec
747 2265 825 2322 omnis
844 2265 925 2323 oratio
944 2268 997 2340 εβ;
1017 2267 1058 2324 cui
1070 2265 1134 2340 jure
1144 2260 1186 2324 'id
1200 2265 1314 2335 accidere

278 2385 327 2422 non
343 2361 424 2442 poffit.
465 2361 510 2420 lta
523 2361 605 2438 supra
619 2361 737 2429 dixerat,
750 2359 818 2436 Jam
832 2382 894 2419 uero
907 2362 1021 2429 exilium,
1024 2363 1055 2448 β
1069 2362 1105 2419 rei
1119 2348 1312 2432 peruramur

279 2461 465 2538 ignominiam
492 2459 614 2536 nominis
637 2458 797 2536 qim-imus:
823 2470 851 2516 et
878 2479 928 2536 pro
951 2460 1036 2517 domo
1058 2459 1115 2527 sua,
1140 2479 1203 2535 cap.
1225 2461 1312 2517 xxvii.

278 2555 357 2634 Qld
368 2558 401 2634 cst
413 2557 477 2614 enim
491 2555 587 2632 exlirl?
609 2555 686 2634 ipsrm
701 2572 749 2634 prr
757 2557 791 2634 sc
810 2575 913 2613 numen
933 2556 1090 2614 calamitatis
1108 2577 1159 2613 non
1171 2555 1311 2635 trupirrrni·

276 2655 325 2714 ru's.
360 2654 476 2728 Quaeso
490 2654 570 2732 igitur
582 2655 615 2730 ιβ
628 2659 730 2734 turpe?
751 2675 778 2712 re
790 2675 856 2712 vero
869 2655 971 2735 quando
983 2657 1017 2730 cst
1024 2671 1105 2734 poma
1113 2656 1237 2734 perrari:
1257 2657 1309 2734 opi-

277 2752 348 2809 nione
360 2765 446 2808 nutem
464 2750 598 2816 lominum,
612 2750 689 2807 etiam
700 2752 730 2828 st
743 2751 777 2826 est
785 2767 866 2830 poena
880 2751 1008 2812 deriuari.
1051 2755 1145 2813 istrum
1159 2754 1245 2832 igitur
1250 2740 1311 2832 μί

277 2861 335 2908 coto
349 2867 400 2906 mco
413 2847 513 2906 exsulis
528 2845 720 2926 nomensubco,
731 2868 767 2904 an
780 2849 936 2922 rejudicare
947 2855 965 2907 Ρ

317 2949 389 3026 Cap.
405 2948 502 3006 xxxix.
523 2947 613 3004 Pueris
627 2944 697 3003 nubis
715 2945 765 3004 Cn.
780 2945 902 3018 Arrſsdius
910 2949 1047 3026 praetorius
1058 2962 1084 3006 ct
1101 2948 1129 3006 in
1137 2949 1238 3026 senatu
1249 2948 1309 3028 sen·

275 3044 381 3100 tentiam
395 3041 505 3110 dit-elur,
519 3061 563 3098 ner
576 3042 663 3100 amicir
676 3041 875 3101 deliberantibus
893 3043 990 3109 liceras,
1004 3057 1029 3102 ct
1044 3043 1166 3102 &cecam
1178 3045 1309 3126 firibcbac

275 3137 412 3214 historiam,
425 3153 448 3195 ct
463 3138 573 3197 videbat
588 3141 614 3195 in
628 3137 734 3214 simin]
757 3139 857 3198 Caecus
869 3153 929 3197 erat
943 3139 990 3197 isse
1003 3139 1158 3212 Aufidius,
1179 3152 1208 3199 et
1226 3143 1308 3200 ideir-

274 3239 311 3298 do
325 3237 470 3314 argutulus
490 3237 537 3293 fibi
554 3238 698 3295 videbatur
716 3239 889 3316 quicumque
909 3251 969 3295 erat
982 3238 1123 3306 librarius,
1135 3239 1188 3316 qui
1200 3240 1307 3318 primus

274 3335 345 3394 illurl
360 3353 498 3394 vmnurn
512 3337 592 3392 nobis
610 3333 763 3412 supposuit.
804 3337 868 3414 Ego
881 3357 945 3394 vero
965 3347 1024 3394 tarn
1045 3337 1179 3414 putidum
1200 3338 1307 3394 schema

274 3453 331 3492 non
352 3432 402 3490 eise
423 3432 563 3490 Ciceronis
583 3434 718 3490 contiuuo
736 3433 850 3508 agnovi.
891 3433 994 3503 Aliter,
1009 3434 1098 3502 aiunt,
1113 3434 1193 3490 olent
1211 3434 1304 3501 caruli,

275 3531 355 3590 aliter
369 3529 436 3588 sues.
478 3531 515 3587 Et
528 3529 652 3608 proinde,
666 3531 715 3586 ubi
737 3551 888 3608 parumper
907 3531 1036 3588 animum
1058 3531 1244 3596 intenderam,
1261 3529 1306 3586 sua

274 3630 370 3708 sponte
383 3630 560 3688 enare-ebatur
574 3639 676 3688 vernet
689 3631 792 3688 sincera
805 3629 896 3697 tectio,
910 3631 946 3686 Et
962 3627 1221 3706 Graecamscribeboe
1233 3629 1304 3706 beso-

273 3728 352 3796 riam,
365 3741 388 3783 ct
405 3745 540 3784 vrvnunn
554 3727 581 3784 in
595 3727 693 3783 literis:
716 3729 768 3784 hoc
781 3727 828 3795 est,
841 3747 954 3785 omnem
969 3725 1046 3792 snam
1061 3737 1173 3785 aetatem
1196 3727 1225 3784 in
1245 3727 1304 3783 lite·

273 3825 311 3882 ris
333 3823 490 3882 consumsit.
531 3821 639 3889 Noster,
661 3824 713 3899 Ep.
735 3824 814 3882 Fam.
830 3824 867 3880 ir.
882 3825 931 3881 26.
958 3821 1037 3897 Qid
1052 3842 1112 3902 ergo
1123 3823 1303 3897 sunamite

271 3921 432 4000 corfirso,qui
443 3919 618 4000 plilsophium
632 3920 717 3979 medis.
751 3925 873 3998 Anger?
894 3922 1062 3981 excruciem
1080 3925 1146 3979 nte?
1166 3917 1233 3999 quid
1241 3918 1302 4000 ast

272 4021 367 4106 quar?
389 4017 476 4076 deinde
488 4038 560 4095 quem
574 4006 726 4088 adfinem?
758 4019 859 4086 vivas,
874 4019 978 4095 inquis,
992 4020 1021 4076 in
1037 4018 1135 4077 literis.
1168 4021 1216 4075 An
1229 4015 1301 4096 quid·

271 4134 349 4196 quam
363 4134 401 4171 me
419 4113 494 4172 alind
511 4133 586 4192 ogere
606 4113 713 4192 cordes?
735 4130 782 4174 aut
796 4116 890 4199 ptffem
903 4117 1004 4187 vivere,
1017 4117 1063 4195 nisi
1075 4116 1105 4173 in
1126 4115 1215 4174 literis
1229 4116 1301 4174 vivo·
