2817 4859
309 355 371 422 ras
519 349 713 419 rusum.
738 329 1128 422 nrsrumrrouuu

360 515 424 582 Sed
438 515 587 582 foeminea
599 515 656 596 vir,
670 516 821 582 foemines
831 517 995 582 interimor
1007 538 1116 586 manu.

349 601 380 668 Ο
395 613 479 680 nate,
493 623 565 666 vere
579 603 641 667 hoc
656 623 773 666 nornen
787 603 902 689 usurpa
913 602 1006 689 patri,

348 703 362 731 ⁸
372 687 424 751 Ne
439 706 492 751 me
505 686 705 750 occidentem
719 687 829 751 matris
841 688 966 836 sugeret
979 686 1104 752 carius.

369 772 446 836 Huc
460 768 561 856 arripe
574 771 615 835 ad
629 792 682 834 me
695 771 842 836 manibus
854 794 874 834 a
896 771 1038 836 strettun
1052 771 1125 857 piis.

346 857 419 922 Jam
434 876 574 935 cernam,
589 877 681 920 mene
692 877 734 920 an
747 856 834 920 illam
846 856 1001 942 potiorem
1015 868 1121 944 putes.-

349 943 408 1006 Per
450 989 461 1020 ‚
476 940 569 1020 aude,
584 953 658 1004 nata
670 967 680 1020 3
704 939 868 1027 illacryma
879 940 976 1026 patris
988 940 1126 1038 pestibus
1138 963 1147 1003 ε

347 962 510 1092 Migere.
553 1027 674 1090 Gentes
689 1026 805 1090 nostras
819 1027 941 1090 flebunt
953 1025 1102 1090 miserius.

346 1125 360 1157 ⁶
372 1112 449 1175 Heu
462 1109 508 1174 vir
531 1107 645 1174 'nalem
656 1131 710 1174 me
722 1131 778 1174 ore
790 1109 950 1196 ploratum
961 1109 1075 1188 edere3

234 1245 236 1250 .
346 1197 454 1284 Quem
467 1194 497 1258 vi
531 1207 651 1259 tnemo
665 1195 722 1258 ulli
735 1195 767 1258 in
810 1194 994 1258 miscentem
1008 1193 1116 1260 mulo!

346 1279 422 1350 “Sic
436 1279 599 1344 foeminata
612 1279 710 1344 virtus
723 1301 742 1343 a
787 1279 839 1344 &a
848 1277 977 1343 occidit.

346 1363 477 1429 Accede
491 1379 577 1445 nate,
592 1363 708 1444 adsiste,
719 1363 931 1428 miserandum
944 1362 1047 1460 aspice

345 1449 558 1514 Evisceratum
570 1469 685 1536 eorpus
696 1449 889 1514 elaceratum
904 1460 1014 1536 pstns.

302 1701 347 1764 go,
372 1685 438 1754 binc,
461 1693 666 1762 contraquam
693 1685 793 1743 volunt
841 1674 1324 1764 estamplexus,a‹iditquepioratum

301 1768 386 1826 nostri
400 1767 454 1823 sere
468 1766 584 1826 codices.
840 1785 897 1822 non
911 1787 960 1834 ore,
973 1766 1107 1824 sedendis
1119 1767 1173 1824 edi.
1217 1769 1254 1826 Et
1267 1768 1324 1824 sane

342 1857 356 1885 ⁸
371 1847 425 1906 Sed
423 1845 551 1919 scamium
561 1847 611 1908 vir,
612 1845 740 1921 foeminea
749 1847 790 1902 r'n·
839 1847 948 1904 Servius
961 1848 996 1904 ad
1009 1846 1081 1904 AEm
1094 1847 1132 1905 vi.
1145 1859 1218 1922 427.
1239 1848 1324 1924 plora·

301 1928 402 1985 terimur
418 1927 509 1998 manu]
532 1927 618 2002 Vulg,
633 1925 686 1983 Sed
695 1927 790 2000 soemi-
838 1937 900 1982 turn
914 1926 1084 2002 lacrymarum
1095 1930 1252 2004 tantamff
1262 1946 1322 1985 oon-

300 2025 350 2064 ma
363 2007 401 2072 vi,
404 2007 532 2081 summa
547 2010 598 2063 &e
625 2008 677 2072 Ar,
692 2025 726 2062 ne
743 2027 790 2062 re·
839 2004 941 2063 firmat.
964 2008 1016 2064 Sed
1029 2007 1128 2065 meiius
1140 2007 1217 2064 idem
1226 2009 1322 2066 Gram-

298 2093 368 2144 teres
382 2089 469 2144 editos
482 2105 643 2154 memorem,
657 2086 728 2160 Reg.
751 2087 790 2142 E·
838 2086 957 2144 maticus
976 2087 1012 2144 ad
1031 2087 1103 2145 AEu.
1122 2087 1162 2145 xi.
1177 2104 1246 2144 211.
1265 2089 1321 2164 plo·

297 2165 376 2224 tiens.
390 2177 452 2224 tert.
464 2175 494 2224 et
515 2167 649 2224 Cantabr.
668 2165 789 2223 nostram
837 2185 907 2234 rare,
929 2186 988 2224 cum
1015 2187 1077 2224 voce
1099 2167 1168 2242 flere
1196 2167 1319 2244 explieat.

298 2245 584 2304 firmantietiionem.
837 2245 938 2303 Noster
950 2245 1032 2313 infra,
1045 2267 1072 2306 c.
1082 2267 1129 2306 xv.
1160 2245 1319 2308 Vzdcmes

339 2335 353 2364 ⁸
372 2329 418 2386 Ne
432 2325 635 2399 msoccidrntem]
657 2325 702 2386 sic
715 2326 788 2404 Reg.
835 2327 891 2382 acie
906 2323 992 2400 fferri
1005 2328 1078 2404 saepe
1090 2327 1206 2406 sacrior,
1224 2339 1248 2384 ct
1265 2327 1318 2404 qn·-

298 2417 326 2466 et
340 2408 419 2468 Med.
447 2407 551 2483 Vulgo,
563 2426 616 2466 nac.
835 2405 891 2464 dem
904 2405 991 2464 rudem
1004 2407 1319 2475 illumninmrcitam,

337 2485 352 2524 ¹²
371 2489 437 2546 Huc
449 2488 534 2563 arripe
553 2485 591 2545 ad
608 2487 658 2560 me]
681 2489 788 2563 Vulgo,
835 2487 956 2563 quamvis
975 2487 1028 2545 lavi
1045 2488 1111 2557 ictu,
1126 2487 1252 2564 ploratus
1268 2501 1318 2543 tur-

297 2565 355 2624 ben.
389 2567 467 2624 Male
487 2576 638 2643 contraque
656 2567 740 2625 MSS.
754 2567 788 2624 fi·
832 2565 1040 2643 piffimosedere.
1071 2567 1182 2636 Livius,
1196 2567 1318 2626 libani.

295 2647 369 2706 dem.
835 2665 860 2702 c.
879 2662 925 2720 14.
960 2647 1083 2724 Strepuat
1101 2665 1177 2704 aures
1199 2647 1318 2705 clamori-

336 2734 349 2764 ⁶
369 2726 429 2784 Heu
439 2725 602 2803 virginalem
616 2745 661 2783 me
674 2745 721 2782 ore
729 2725 787 2802 plo·
835 2728 889 2782 bus
901 2726 1072 2802 plorantium
1076 2726 1212 2803 sociorum
1236 2728 1317 2792 Idem,

294 2820 381 2864 ratum
396 2805 479 2880 edere]
500 2807 545 2864 lta
563 2807 689 2864 codices:
711 2806 787 2862 fimi·
834 2805 915 2864 xxiii.
925 2824 974 2880 4²·
998 2810 1090 2880 Quum
1099 2809 1243 2884 ploratum
1249 2822 1317 2884 prope

293 2881 371 2964 iique
386 2887 470 2944 modo
488 2885 643 2962 virginalem
659 2901 786 2943 'verum
833 2885 966 2963 corrugant
984 2897 1010 2944 ct
1032 2885 1166 2945 liberorum
1187 2888 1316 2962 whereas

292 2967 363 3025 AEom
376 2967 468 3024 dixere
478 2966 579 3027 Noster
592 2986 643 3042 pro
651 2966 785 3033 Quintio,
833 2966 1083 3044 exaudire-poster.
1112 2966 1317 3044 semum.

291 3063 354 3122 cap.
369 3048 409 3104 ni.
425 3057 453 3104 et
468 3047 657 3122 Hieronymus
677 3047 712 3103 ad
726 3048 785 3104 Eu·
832 3045 904 3104 lxiii.
919 3046 1124 3123 Lacrymondura
1133 3048 1178 3122 est,
1189 3065 1315 3106 noneno-

214 3125 219 3132 '
292 3125 440 3193 stochium,
459 3127 547 3202 Epist.
562 3127 620 3183 xix.
633 3145 698 3204 pag.
716 3127 782 3198 136.
832 3141 980 3185 nannum.
1019 3129 1097 3184 Hinc
1119 3129 1197 3204 apud
1220 3137 1315 3186 veteres

290 3205 331 3264 D.
346 3215 439 3263 autem
455 3207 609 3264 Lambinus
622 3217 650 3264 et
669 3207 714 3264 Fr.
730 3208 783 3263 Fa·
830 3205 985 3264 inclamandi
1001 3206 1231 3283 significationem
1250 3207 1316 3264 obri·

292 3285 396 3344 bricius
420 3295 558 3361 reponunt
583 3285 631 3343 beu
651 3287 783 3362 virginali
830 3287 903 3355 nuit,
916 3289 991 3362 quod
1003 3288 1112 3345 docebit
1125 3288 1230 3346 Festus.

291 3385 368 3424 more
385 3365 513 3443 ploratum
533 3364 623 3436 edem
645 3367 782 3443 quiarsso·
869 3363 948 3424 “Sic
967 3368 1127 3444 seminata]
1160 3366 1313 3446 Sophocles,

290 3446 412 3546 mirocles,
426 3447 527 3504 Trach.
543 3445 581 3503 vs.
601 3459 684 3522 1071.
699 3449 782 3504 habet
828 3446 1088 3524 Trach.vs.1075.
1307 3503 1312 3510 ,

290 3547 360 3594 οςις,
390 3520 448 3589 vis-a
476 3524 622 3602 παρθένος,
648 3524 782 3606 Βέξρυχα
868 3524 927 3583 Νῦν
941 3523 974 3584 Δ’
988 3527 1020 3584 ἐκ
1032 3523 1126 3587 muira
1138 3525 1230 3604 θῆλυς
1242 3518 1313 3606 ὥρη·

288 3603 406 3666 κλαίων.
441 3607 531 3662 Miror
542 3608 672 3682 equidem
684 3607 781 3664 nouos
907 3605 1074 3686 narramur.

289 3681 442 3746 illos'viros
460 3687 512 3742 hac
531 3687 565 3742 de
584 3687 664 3746 causa
683 3685 780 3744 leeiio-
828 3687 921 3763 Igitur
933 3688 1003 3764 lege,
1019 3688 1225 3766 sensoeminata
1238 3693 1288 3746 Ere.

287 3785 352 3825 nem
362 3767 506 3841 vulgatam
517 3766 709 3832 mutaffe‚cum
717 3769 779 3824 cui·
866 3776 879 3802 ²
897 3769 1064 3826 Laceraturn
1083 3767 1186 3848 patris]
1210 3769 1311 3842 Vulgo,

286 3848 329 3905 vis
342 3857 445 3924 pareat,
456 3865 532 3914 eum,
543 3847 602 3920 qui,
611 3839 668 3908 ὥςε
678 3843 778 3923 napis·
826 3845 932 3905 lacerati
956 3849 1054 3926 patris.
1096 3850 1224 3907 Alteram
1251 3865 1312 3906 rere

287 3925 478 4004 νος,’βὲέρυχε
492 3921 609 3994 κλαίων,
621 3925 777 4002 virginalem
825 3927 973 3985 leotionem
992 3928 1123 4004 praestant
1140 3929 1265 3988 oodioes:
1284 3936 1311 3982 et

281 4004 410 4084 ploratum
424 4005 541 4062 edidisse.
576 4007 665 4064 Henr.
682 4006 781 4065 tamen'
824 4009 961 4065 veteribus
984 4009 1076 4102 poetis
1100 4028 1159 4068 non
1186 4007 1313 4068 inmuta

287 4085 452 4162 Stephanus,
470 4085 574 4162 Castig.
588 4087 618 4142 in
639 4087 731 4144 Cicer.
744 4107 775 4162 p.
823 4085 887 4146 sunt
900 4089 959 4146 haec
972 4084 1120 4148 arrisisse.

286 4169 335 4243 3⁸7.
350 4165 393 4224 ed.
404 4165 464 4225 Par.
477 4166 549 4224 hanc
560 4163 774 4248 παραδιόρθωσιν
