2817 4859
294 334 332 396 82
503 338 694 401 TUSCUL.
723 335 1112 401 DISPUTATIONUM

293 518 413 576 turam
443 499 596 599 putem?
649 498 746 573 Quia
775 515 872 571 tanta
898 500 1023 572 caritas
1048 496 1173 597 pt'ttiae
1198 500 1262 590 est,
1281 518 1333 575 nt

292 624 370 675 eam
396 624 469 673 non
499 596 599 671 sensu
624 599 745 671 nostro
765 598 824 688 sed
851 598 960 671 salute
985 599 1092 696 ipsrus
1118 596 1330 673 metiamur.

291 697 416 797 ltaque
442 722 514 770 non
541 696 692 770 deterret
718 696 909 808 sapientem
935 719 1030 769 mors
1056 704 1157 795 (quae'
1177 715 1330 795 propter

290 799 444 873 incertos
462 796 559 869 casus
576 796 736 893 quotidie
752 796 929 883 imminet,
944 814 1091 894 propter
1109 797 1329 871 brevitatem

289 897 374 970 vitae
401 919 586 993 nunquam
612 896 719 992 longe
745 897 861 992 potest
884 895 1017 989 abesse)
1043 920 1117 991 quo
1142 894 1259 967 minos
1285 895 1329 969 in

290 1018 397 1069 omne
415 1014 554 1093 tempus
573 993 781 1091 reipublicae
797 993 936 1089 suisque
950 994 1129 1080 consulam
1149 1011 1184 1067 et
1199 995 1327 1091 postea

289 1095 430 1167 ritatem
451 1093 573 1191 ipsam,
590 1095 691 1189 eujus
718 1092 855 1165 sensum
882 1092 1066 1165 habiturus
1091 1118 1164 1165 non
1189 1092 1246 1181 stt,
1274 1096 1326 1167 ad

209 1188 213 1199 '
288 1194 323 1267 se
350 1210 454 1292 putet
482 1190 669 1289 pertinere.
720 1192 840 1265 Quare
866 1190 964 1279 licet,-
995 1192 1102 1263 etiam
1132 1193 1326 1265 mortalem

287 1294 357 1365 esse
384 1290 544 1363 animum
564 1290 786 1384 judicantem
812 1307 944 1361 aeterna
968 1288 1109 1361 moliri:
1136 1314 1209 1363 non
1235 1293 1325 1387 glo-

287 1391 350 1463 riae
368 1388 575 1487 cupiditate,
594 1414 702 1485 quam
719 1402 734 1434 ⁰
749 1389 907 1461 sensurus
933 1414 1005 1460 non
1030 1388 1097 1471 sts3
1124 1389 1184 1461 sed
1202 1389 1326 1461 virtu·

285 1489 344 1575 tit,
363 1512 470 1585 quam
488 1488 679 1562 necessario
697 1488 821 1585 gloria,
839 1486 945 1560 etiam
969 1487 1053 1559 situ
1070 1486 1107 1558 id
1125 1512 1197 1559 non
1220 1512 1323 1585 agas,

285 1589 531 1685 consequatur.
593 1586 733 1659 Natura
760 1612 846 1659 vero
876 1586 909 1659 se
935 1586 985 1659 stc
1017 1587 1137 1669 habet,
1165 1606 1207 1660 ut
1240 1612 1323 1683 quo

283 1690 393 1759 modo
426 1683 571 1758 initium
601 1685 704 1759 nobis
732 1709 849 1758 rerum
878 1684 1042 1758 omnium
1071 1702 1168 1757 ortus
1198 1686 1322 1758 noster

285 1786 422 1874 afferat,
440 1786 487 1857 fic
505 1784 642 1857 exitum
661 1809 766 1856 mors.
818 1782 873 1855 Ut
891 1782 980 1855 nihil
996 1783 1171 1881 pertinuit
1187 1786 1232 1856 ad
1250 1808 1322 1857 nos

283 1904 364 1957 ante
390 1902 521 1971 ortum,
540 1884 587 1955 fic
616 1882 705 1955 nihil
732 1883 812 1979 post
836 1900 988 1953 mortem
1014 1881 1219 1979 pertinebit.
1272 1884 1319 1955 ln

283 2008 356 2080 quo
375 1982 461 2079 quid
479 1981 679 2079 potestesse
697 1980 780 2052 mali
796 1981 808 2052 l
836 2005 920 2053 cum
937 2006 1032 2052 mors
1058 2004 1124 2053 nec
1150 1984 1195 2054 ad
1214 1981 1319 2056 vivos

282 2080 469 2176 pertineat,
497 2104 562 2151 nec
589 2081 633 2151 ad
658 2099 839 2151 mortuos:
867 2080 967 2151 alteri
996 2079 1087 2151 nulli
1116 2080 1208 2169 sunt,
1234 2084 1317 2154 ral-

281 2196 374 2251 tetos
404 2204 477 2251 non
508 2176 663 2277 attingit.
714 2179 836 2251 Quam
868 2177 932 2274 qui
962 2176 1132 2250 leviorem
1163 2178 1316 2265 faciunt,

281 2277 394 2350 somni
422 2276 636 2349 simillimam
654 2278 781 2348 volunt
804 2276 885 2348 esse.
935 2278 1076 2350 unast
1103 2302 1188 2351 vero
1214 2278 1316 2375 quis·

280 2402 388 2472 quam
413 2374 461 2449 ita
478 2374 671 2474 nonaginta
688 2400 798 2448 annos
813 2374 902 2447 velit
917 2374 1050 2463 vivere,
1069 2393 1111 2447 ut
1130 2401 1214 2448 cum
1232 2376 1316 2449 sex-

279 2474 400 2571 aginta
425 2476 630 2560 confecerit,
650 2474 804 2570 reliquos
829 2474 993 2546 dormiat.
1045 2476 1103 2547 Ne
1128 2475 1206 2547 sues
1227 2476 1315 2573 qui-

278 2574 363 2645 dem
388 2573 425 2645 id
444 2573 566 2659 velint,
589 2598 662 2643 non
689 2572 799 2645 modo
823 2571 907 2669 ipse.
958 2572 1194 2671 ‘Endymion
1211 2598 1314 2660 vero,

319 2795 332 2823 ⁰
353 2784 476 2863 Scrficrus
486 2806 535 2845 non
546 2784 593 2859 sis]
610 2784 715 2861 Vulgo,
720 2786 769 2862 fit.
819 2782 888 2841 modu
899 2782 960 2863 ipsc]
979 2786 1135 2845 Lambinus
1146 2784 1315 2845 austoritate

275 2864 340 2925 Not
355 2866 401 2924 Cl.
415 2868 543 2925 Bentlelo
555 2865 703 2925 credimus.
819 2865 884 2922 libri
903 2867 1001 2923 veterio
1021 2878 1076 2924 tres
1096 2886 1175 2925 vocet
1194 2869 1315 2927 ultimae

317 2948 452 3005 ¹’Altam
467 2968 515 3005 non
534 2944 664 3023 attingit]
692 2945 769 3003 Male
817 2945 908 3022 ejecit.
946 2946 1104 3005 Eastamen
1119 2949 1239 3005 retinent
1248 2970 1314 3007 om·

277 3026 363 3103 vulgo
376 3048 442 3085 eum
463 3029 534 3104 Reg.
557 3028 635 3087 Med.
657 3026 729 3084 Bak.
741 3037 771 3084 ot
820 3046 868 3083 nee
883 3026 976 3095 nostri,
991 3046 1040 3085 nec
1061 3041 1162 3085 temere
1182 3028 1312 3104 rejicien·

276 3106 601 3183 Ven.1491.attinget;
624 3126 721 3163 omnes
739 3129 768 3163 e·
818 3108 868 3163 das
889 3119 968 3182 puto.
1010 3108 1115 3165 Similis
1136 3108 1218 3185 plane
1233 3111 1313 3168 locut

276 3186 349 3253 nim,
361 3189 410 3261 qul
419 3185 481 3262 jam
492 3188 602 3254 vivunt,
613 3186 695 3243 serius
709 3189 768 3243 oci-
815 3186 901 3243 exstat
912 3188 946 3243 de
960 3188 1022 3245 Fin.
1037 3208 1063 3245 v.
1081 3206 1127 3247 20.

276 3286 311 3324 ut
328 3278 447 3323 mortem
467 3266 580 3325 subeant
599 3268 699 3323 necesse
718 3266 766 3325 est.
855 3275 866 3302 ¹
885 3267 1025 3343 Endymion
1034 3268 1112 3345 reto]
1129 3269 1208 3327 Nota
1218 3270 1257 3328 est
1268 3271 1312 3329 sa·
1398 3303 1399 3330 t

276 3346 438 3413 AEschinea,
464 3348 603 3411 Axiocho‚
624 3366 686 3423 cap.
709 3348 766 3404 xiv.
814 3348 891 3415 bula,
905 3346 984 3423 cujus
1001 3348 1120 3406 rationes
1133 3350 1224 3406 varlas
1247 3356 1310 3409 red·

276 3422 406 3493 Θάνατος
423 3424 492 3505 ,περὶ
520 3424 569 3493 adt
596 3424 702 3503 ζῶντας
729 3421 765 3485 ἐκ
813 3428 885 3484 dunt
900 3430 980 3485 varii.
1022 3430 1094 3487 Vide
1115 3430 1250 3496 Plinium,
1266 3432 1309 3490 H.

276 3504 348 3576 ἔῑιν,
362 3508 384 3563 ol
399 3506 426 3563 δὲ
440 3502 627 3573 ἀποθανόντες
638 3502 673 3565 ἐκ
687 3502 763 3563 εἰσὶν·
814 3508 854 3564 N.
866 3509 896 3565 ii.
907 3528 936 3585 9.
948 3528 980 3565 ac
990 3508 1029 3565 ibi
1043 3510 1235 3580 llarduinum,
1246 3512 1309 3569 Lu·

275 3578 334 3651 ὦςε
346 3576 395 3645 ἔτι
408 3582 466 3665 περὶ
482 3608 513 3645 σε
529 3586 571 3645 νῦν
582 3586 652 3654 ἐςὶν,
664 3583 693 3645 ου’
706 3584 764 3667 γὰρ
813 3588 926 3645 cianum
940 3591 974 3646 de
989 3590 1062 3647 Atlr.
1076 3600 1146 3647 tom.
1162 3591 1180 3646 i.
1195 3612 1223 3667 p.
1238 3592 1256 3649 8
1282 3610 1309 3651 2.

273 3666 421 3743 τέθνηκας·
436 3660 505 3733 oste,
517 3660 544 3724 εἴ
553 3686 579 3723 n
590 3664 694 3735 πάθοις,
703 3663 765 3744 ἔῑας
813 3669 856 3725 od.
877 3670 970 3729 Amst.
994 3674 1179 3747 Anonymum
1200 3672 1237 3728 de
1257 3612 1276 3729 s
1297 3706 1308 3716 ·

272 3742 510 3827 aledramni?
529 3742 576 3803 οὐκ
596 3741 655 3821 ἔσῃ.
690 3750 765 3833 Lau·
813 3748 885 3806 cred.
905 3768 967 3825 cap.
996 3768 1040 3807 12.
1082 3752 1307 3819 Artemidorum,

271 3832 322 3887 dat
335 3828 506 3892 etstobaeus,
516 3828 588 3885 cxix.
602 3848 628 3902 p.
642 3830 710 3902 607.
721 3830 764 3887 ed.
814 3828 910 3885 Oneir.
924 3831 974 3887 lib.
989 3830 1028 3889 iv.
1044 3852 1106 3908 cap.
1119 3848 1167 3907 49.
1189 3852 1219 3909 p.
1235 3852 1306 3909 ²29·

275 3910 368 3984 Lugd.
419 3908 503 3964 Hanc
532 3909 560 3963 in
589 3926 646 3963 tem
675 3908 766 3966 multa
815 3908 991 3967 Heraclitum
1006 3914 1040 3969 de
1053 3913 1161 3969 Incred.
1177 3932 1239 3989 cap.
1252 3916 1305 3986 38.

273 3988 446 4055 Plutarchus,
461 3988 543 4045 Cons.
561 3989 595 4043 ad
615 3986 711 4063 Apoll.
733 4008 762 4065 p.
812 4001 840 4045 et
854 3990 1021 4049 Scholiasten
1037 3990 1183 4071 Apollonii
1198 3993 1307 4052 Rhodii

279 4084 343 4142 109,
362 4086 426 4125 tto.
445 4068 485 4125 ed.
503 4068 563 4127 Par.
812 4071 845 4126 ad
861 4070 908 4129 lib.
924 4072 961 4131 lv.
976 4088 1024 4151 57.

314 4154 327 4193 q
349 4149 434 4225 Quos
454 4168 515 4206 vcro
541 4148 762 4227 pruisquam-non
