<?xml version="1.0" encoding="UTF-8"?>
<!DOCTYPE html PUBLIC "-//W3C//DTD XHTML 1.0 Transitional//EN"
    "http://www.w3.org/TR/xhtml1/DTD/xhtml1-transitional.dtd">
<html xmlns="http://www.w3.org/1999/xhtml" xml:lang="en" lang="en">
 <head>
  <title>
</title>
<meta http-equiv="Content-Type" content="text/html;charset=utf-8" />
  <meta name='ocr-system' content='tesseract 3.04.00' />
  <meta name='ocr-capabilities' content='ocr_page ocr_carea ocr_par ocr_line ocrx_word'/>
</head>
<body>
  <div class='ocr_page' id='page_1' title='image "./mtulliiciceroni00bentgoog_0123.png"; bbox 0 0 2817 4859; ppageno 0'>
   <div class='ocr_carea' id='block_1_1' title="bbox 395 323 1141 425">
    <p class='ocr_par' dir='ltr' id='par_1_1' title="bbox 395 323 1141 425">
     <span class='ocr_line' id='line_1_1' title="bbox 395 323 1141 425; baseline 0.005 -41"><span class='ocrx_word' id='word_1_1' title='bbox 395 323 554 394; x_wconf 76' lang='lat' dir='ltr'>LIBER</span> <span class='ocrx_word' id='word_1_2' title='bbox 582 323 871 397; x_wconf 63' lang='lat' dir='ltr'>SECUNDUS,</span> <span class='ocrx_word' id='word_1_3' title='bbox 1082 341 1141 425; x_wconf 56' lang='grc' dir='ltr'>μζ</span> 
     </span>
    </p>
   </div>
   <div class='ocr_carea' id='block_1_2' title="bbox 17 473 1141 1467">
    <p class='ocr_par' dir='ltr' id='par_1_2' title="bbox 17 473 1141 1467">
     <span class='ocr_line' id='line_1_2' title="bbox 17 473 1141 582; baseline -0.001 -22"><span class='ocrx_word' id='word_1_4' title='bbox 17 473 19 566; x_wconf 37' lang='lat' dir='ltr'>i</span> <span class='ocrx_word' id='word_1_5' title='bbox 106 479 314 560; x_wconf 79' lang='lat' dir='ltr'>eeceffieate</span> <span class='ocrx_word' id='word_1_6' title='bbox 331 479 527 574; x_wconf 68' lang='lat' dir='ltr'>confidisti,</span> <span class='ocrx_word' id='word_1_7' title='bbox 543 482 706 560; x_wconf 70' lang='lat' dir='ltr'>uterium</span> <span class='ocrx_word' id='word_1_8' title='bbox 725 511 805 582; x_wconf 82' lang='lat' dir='ltr'>quae</span> <span class='ocrx_word' id='word_1_9' title='bbox 821 509 894 558; x_wconf 86' lang='lat' dir='ltr'>non</span> <span class='ocrx_word' id='word_1_10' title='bbox 917 483 1070 582; x_wconf 66' lang='lat' dir='ltr'>probare</span> <span class='ocrx_word' id='word_1_11' title='bbox 1083 484 1141 576; x_wconf 61' lang='lat' dir='ltr'>sm</span> 
     </span>
     <span class='ocr_line' id='line_1_3' title="bbox 17 581 1140 677; baseline 0.002 -23"><span class='ocrx_word' id='word_1_12' title='bbox 17 613 18 634; x_wconf 68' lang='lat'>2</span> <span class='ocrx_word' id='word_1_13' title='bbox 108 581 207 665; x_wconf 69' lang='lat' dir='ltr'>lmnt</span> <span class='ocrx_word' id='word_1_14' title='bbox 221 603 266 654; x_wconf 86' lang='lat' dir='ltr'>ea</span> <span class='ocrx_word' id='word_1_15' title='bbox 283 598 459 677; x_wconf 82' lang='lat' dir='ltr'>cogantur</span> <span class='ocrx_word' id='word_1_16' title='bbox 475 583 680 656; x_wconf 72' lang='lat' dir='ltr'>constantie</span> <span class='ocrx_word' id='word_1_17' title='bbox 701 584 803 656; x_wconf 70' lang='lat' dir='ltr'>causa</span> <span class='ocrx_word' id='word_1_18' title='bbox 819 584 1033 658; x_wconf 83' lang='lat' dir='ltr'>defendere:</span> <span class='ocrx_word' id='word_1_19' title='bbox 1059 606 1140 674; x_wconf 86' lang='lat' dir='ltr'>nos,</span> 
     </span>
     <span class='ocr_line' id='line_1_4' title="bbox 17 675 1140 780; baseline 0.004 -28"><span class='ocrx_word' id='word_1_20' title='bbox 17 693 19 752; x_wconf 70' lang='grc' dir='ltr'>ἑ</span> <span class='ocrx_word' id='word_1_21' title='bbox 111 675 172 776; x_wconf 91' lang='lat' dir='ltr'>qui</span> <span class='ocrx_word' id='word_1_22' title='bbox 196 677 380 775; x_wconf 85' lang='lat' dir='ltr'>sequimur</span> <span class='ocrx_word' id='word_1_23' title='bbox 395 679 605 775; x_wconf 82' lang='lat' dir='ltr'>probabilia,</span> <span class='ocrx_word' id='word_1_24' title='bbox 623 707 688 754; x_wconf 88' lang='lat' dir='ltr'>nec</span> <span class='ocrx_word' id='word_1_25' title='bbox 707 695 723 725; x_wconf 84' lang='lat'>¹²</span> <span class='ocrx_word' id='word_1_26' title='bbox 737 683 829 755; x_wconf 84' lang='lat' dir='ltr'>ultra</span> <span class='ocrx_word' id='word_1_27' title='bbox 851 707 958 780; x_wconf 82' lang='lat' dir='ltr'>quam</span> <span class='ocrx_word' id='word_1_28' title='bbox 984 681 1021 758; x_wconf 91' lang='lat' dir='ltr'>id</span> <span class='ocrx_word' id='word_1_29' title='bbox 1038 683 1140 779; x_wconf 82' lang='lat' dir='ltr'>quod</span> 
     </span>
     <span class='ocr_line' id='line_1_5' title="bbox 17 775 1139 877; baseline 0.009 -29"><span class='ocrx_word' id='word_1_30' title='bbox 17 829 18 866; x_wconf 28' lang='grc' dir='ltr'>Ξ</span> <span class='ocrx_word' id='word_1_31' title='bbox 107 775 303 854; x_wconf 77' lang='lat' dir='ltr'>verisimile</span> <span class='ocrx_word' id='word_1_32' title='bbox 338 778 494 852; x_wconf 91' lang='lat' dir='ltr'>occurrit</span> <span class='ocrx_word' id='word_1_33' title='bbox 527 778 694 877; x_wconf 89' lang='lat' dir='ltr'>progredi</span> <span class='ocrx_word' id='word_1_34' title='bbox 723 778 918 876; x_wconf 80' lang='lat' dir='ltr'>possumus,</span> <span class='ocrx_word' id='word_1_35' title='bbox 947 794 1010 854; x_wconf 86' lang='lat' dir='ltr'>⁰et</span> <span class='ocrx_word' id='word_1_36' title='bbox 1033 780 1139 870; x_wconf 57' lang='lat' dir='ltr'>reselae</span> 
     </span>
     <span class='ocr_line' id='line_1_6' title="bbox 108 873 1140 975; baseline 0.007 -29"><span class='ocrx_word' id='word_1_37' title='bbox 108 876 180 947; x_wconf 87' lang='lat' dir='ltr'>lere</span> <span class='ocrx_word' id='word_1_38' title='bbox 200 875 279 958; x_wconf 87' lang='lat' dir='ltr'>fine</span> <span class='ocrx_word' id='word_1_39' title='bbox 305 875 510 974; x_wconf 79' lang='lat' dir='ltr'>pertinacia,</span> <span class='ocrx_word' id='word_1_40' title='bbox 527 897 563 952; x_wconf 84' lang='lat' dir='ltr'>et</span> <span class='ocrx_word' id='word_1_41' title='bbox 587 876 698 952; x_wconf 85' lang='lat' dir='ltr'>refelli</span> <span class='ocrx_word' id='word_1_42' title='bbox 725 877 798 952; x_wconf 81' lang='lat' dir='ltr'>fide</span> <span class='ocrx_word' id='word_1_43' title='bbox 826 873 1008 958; x_wconf 77' lang='lat' dir='ltr'>iracundia</span> <span class='ocrx_word' id='word_1_44' title='bbox 1028 877 1140 975; x_wconf 80' lang='lat' dir='ltr'>parati</span> 
     </span>
     <span class='ocr_line' id='line_1_7' title="bbox 111 971 1140 1052; baseline 0.006 -8"><span class='ocrx_word' id='word_1_45' title='bbox 111 971 242 1048; x_wconf 85' lang='lat' dir='ltr'>sumus.</span> <span class='ocrx_word' id='word_1_46' title='bbox 300 975 409 1050; x_wconf 78' lang='lat' dir='ltr'>Quod</span> <span class='ocrx_word' id='word_1_47' title='bbox 427 977 449 1047; x_wconf 86' lang='lat' dir='ltr'>sr</span> <span class='ocrx_word' id='word_1_48' title='bbox 466 975 542 1050; x_wconf 84' lang='lat' dir='ltr'>haec</span> <span class='ocrx_word' id='word_1_49' title='bbox 560 975 674 1052; x_wconf 81' lang='lat' dir='ltr'>studia</span> <span class='ocrx_word' id='word_1_50' title='bbox 689 977 854 1050; x_wconf 76' lang='lat' dir='ltr'>tradudla</span> <span class='ocrx_word' id='word_1_51' title='bbox 869 993 973 1050; x_wconf 89' lang='lat' dir='ltr'>erunt</span> <span class='ocrx_word' id='word_1_52' title='bbox 987 978 1032 1050; x_wconf 81' lang='lat' dir='ltr'>ad</span> <span class='ocrx_word' id='word_1_53' title='bbox 1056 976 1140 1050; x_wconf 88' lang='lat' dir='ltr'>nos·</span> 
     </span>
     <span class='ocr_line' id='line_1_8' title="bbox 110 1072 1140 1174; baseline 0.001 -27"><span class='ocrx_word' id='word_1_54' title='bbox 110 1089 192 1158; x_wconf 89' lang='lat' dir='ltr'>tros,</span> <span class='ocrx_word' id='word_1_55' title='bbox 209 1099 258 1146; x_wconf 89' lang='lat' dir='ltr'>ne</span> <span class='ocrx_word' id='word_1_56' title='bbox 286 1073 514 1151; x_wconf 83' lang='lat' dir='ltr'>bibliothecis</span> <span class='ocrx_word' id='word_1_57' title='bbox 539 1073 685 1173; x_wconf 89' lang='lat' dir='ltr'>quidem</span> <span class='ocrx_word' id='word_1_58' title='bbox 701 1073 841 1148; x_wconf 87' lang='lat' dir='ltr'>Graecis</span> <span class='ocrx_word' id='word_1_59' title='bbox 865 1072 1073 1174; x_wconf 83' lang='lat' dir='ltr'>egebimus:</span> <span class='ocrx_word' id='word_1_60' title='bbox 1100 1073 1140 1148; x_wconf 86' lang='lat' dir='ltr'>in</span> 
     </span>
     <span class='ocr_line' id='line_1_9' title="bbox 111 1169 1141 1272; baseline 0.004 -30"><span class='ocrx_word' id='word_1_61' title='bbox 111 1169 241 1266; x_wconf 86' lang='lat' dir='ltr'>quibus</span> <span class='ocrx_word' id='word_1_62' title='bbox 266 1170 464 1246; x_wconf 87' lang='lat' dir='ltr'>multitudo</span> <span class='ocrx_word' id='word_1_63' title='bbox 488 1171 629 1246; x_wconf 79' lang='lat' dir='ltr'>infinita</span> <span class='ocrx_word' id='word_1_64' title='bbox 649 1175 823 1248; x_wconf 87' lang='lat' dir='ltr'>librorum</span> <span class='ocrx_word' id='word_1_65' title='bbox 846 1192 990 1272; x_wconf 92' lang='lat' dir='ltr'>propter</span> <span class='ocrx_word' id='word_1_66' title='bbox 1016 1197 1141 1247; x_wconf 88' lang='lat' dir='ltr'>eorum</span> 
     </span>
     <span class='ocr_line' id='line_1_10' title="bbox 112 1267 1141 1369; baseline 0.006 -29"><span class='ocrx_word' id='word_1_67' title='bbox 112 1269 160 1340; x_wconf 90' lang='lat' dir='ltr'>est</span> <span class='ocrx_word' id='word_1_68' title='bbox 188 1267 476 1356; x_wconf 86' lang='lat' dir='ltr'>multitudinem,</span> <span class='ocrx_word' id='word_1_69' title='bbox 507 1269 571 1369; x_wconf 91' lang='lat' dir='ltr'>qui</span> <span class='ocrx_word' id='word_1_70' title='bbox 604 1272 824 1368; x_wconf 87' lang='lat' dir='ltr'>scripserunt.</span> <span class='ocrx_word' id='word_1_71' title='bbox 872 1273 1009 1344; x_wconf 83' lang='lat' dir='ltr'>Eadem</span> <span class='ocrx_word' id='word_1_72' title='bbox 1041 1269 1141 1346; x_wconf 87' lang='lat' dir='ltr'>enim</span> 
     </span>
     <span class='ocr_line' id='line_1_11' title="bbox 113 1364 1141 1467; baseline 0.002 -27"><span class='ocrx_word' id='word_1_73' title='bbox 113 1364 285 1441; x_wconf 89' lang='lat' dir='ltr'>dicuntur</span> <span class='ocrx_word' id='word_1_74' title='bbox 309 1368 494 1444; x_wconf 82' lang='lat' dir='ltr'>amultisr</span> <span class='ocrx_word' id='word_1_75' title='bbox 528 1383 602 1442; x_wconf 79' lang='lat' dir='ltr'>Pex</span> <span class='ocrx_word' id='word_1_76' title='bbox 627 1395 701 1467; x_wconf 93' lang='lat' dir='ltr'>quo</span> <span class='ocrx_word' id='word_1_77' title='bbox 730 1371 829 1443; x_wconf 87' lang='lat' dir='ltr'>libris</span> <span class='ocrx_word' id='word_1_78' title='bbox 853 1369 973 1444; x_wconf 80' lang='lat' dir='ltr'>omnia</span> <span class='ocrx_word' id='word_1_79' title='bbox 997 1369 1141 1443; x_wconf 86' lang='lat' dir='ltr'>referse-</span> 
     </span>
    </p>
   </div>
   <div class='ocr_carea' id='block_1_3' title="bbox 113 1466 1142 1666">
    <p class='ocr_par' dir='ltr' id='par_1_3' title="bbox 113 1466 1142 1666">
     <span class='ocr_line' id='line_1_12' title="bbox 113 1466 1142 1560; baseline 0.008 -22"><span class='ocrx_word' id='word_1_80' title='bbox 113 1485 203 1542; x_wconf 86' lang='lat' dir='ltr'>runt.</span> <span class='ocrx_word' id='word_1_81' title='bbox 258 1468 373 1540; x_wconf 82' lang='lat' dir='ltr'>Quod</span> <span class='ocrx_word' id='word_1_82' title='bbox 390 1466 529 1542; x_wconf 86' lang='lat' dir='ltr'>accidet</span> <span class='ocrx_word' id='word_1_83' title='bbox 549 1466 655 1542; x_wconf 83' lang='lat' dir='ltr'>etiarn</span> <span class='ocrx_word' id='word_1_84' title='bbox 671 1470 809 1560; x_wconf 87' lang='lat' dir='ltr'>nostris,</span> <span class='ocrx_word' id='word_1_85' title='bbox 827 1467 916 1544; x_wconf 85' lang='lat' dir='ltr'>fiad</span> <span class='ocrx_word' id='word_1_86' title='bbox 931 1469 1009 1542; x_wconf 83' lang='lat' dir='ltr'>haec</span> <span class='ocrx_word' id='word_1_87' title='bbox 1024 1467 1142 1546; x_wconf 68' lang='lat' dir='ltr'>studio</span> 
     </span>
     <span class='ocr_line' id='line_1_13' title="bbox 115 1565 503 1666; baseline 0.003 -28"><span class='ocrx_word' id='word_1_88' title='bbox 115 1565 229 1666; x_wconf 86' lang='lat' dir='ltr'>plures</span> <span class='ocrx_word' id='word_1_89' title='bbox 246 1565 503 1642; x_wconf 81' lang='lat' dir='ltr'>confluxerint.</span> 
     </span>
    </p>
   </div>
   <div class='ocr_carea' id='block_1_4' title="bbox 115 1663 1143 2158">
    <p class='ocr_par' dir='ltr' id='par_1_4' title="bbox 115 1663 1143 2158">
     <span class='ocr_line' id='line_1_14' title="bbox 160 1663 1140 1776; baseline 0.001 -40"><span class='ocrx_word' id='word_1_90' title='bbox 160 1663 227 1736; x_wconf 93' lang='lat' dir='ltr'>IIl.</span> <span class='ocrx_word' id='word_1_91' title='bbox 256 1666 407 1750; x_wconf 85' lang='lat' dir='ltr'>Sedeos</span> <span class='ocrx_word' id='word_1_92' title='bbox 423 1665 450 1738; x_wconf 89' lang='lat' dir='ltr'>sr</span> <span class='ocrx_word' id='word_1_93' title='bbox 468 1665 650 1776; x_wconf 83' lang='lat' dir='ltr'>possumus</span> <span class='ocrx_word' id='word_1_94' title='bbox 667 1666 887 1750; x_wconf 79' lang='lat' dir='ltr'>excitemus3</span> <span class='ocrx_word' id='word_1_95' title='bbox 905 1665 968 1763; x_wconf 92' lang='lat' dir='ltr'>qui</span> <span class='ocrx_word' id='word_1_96' title='bbox 983 1663 1140 1740; x_wconf 78' lang='lat' dir='ltr'>liberali·</span> 
     </span>
     <span class='ocr_line' id='line_1_15' title="bbox 115 1761 1142 1862; baseline -0.001 -26"><span class='ocrx_word' id='word_1_97' title='bbox 115 1779 165 1836; x_wconf 88' lang='lat' dir='ltr'>ter</span> <span class='ocrx_word' id='word_1_98' title='bbox 189 1761 514 1852; x_wconf 80' lang='lat' dir='ltr'>cruditi,adhib1ta</span> <span class='ocrx_word' id='word_1_99' title='bbox 538 1763 643 1838; x_wconf 76' lang='lat' dir='ltr'>eriam</span> <span class='ocrx_word' id='word_1_100' title='bbox 671 1763 858 1838; x_wconf 81' lang='lat' dir='ltr'>differendi</span> <span class='ocrx_word' id='word_1_101' title='bbox 884 1763 1069 1862; x_wconf 75' lang='lat' dir='ltr'>elegantia,</span> <span class='ocrx_word' id='word_1_102' title='bbox 1086 1788 1142 1835; x_wconf 86' lang='lat' dir='ltr'>ra·</span> 
     </span>
     <span class='ocr_line' id='line_1_16' title="bbox 116 1859 1143 2032; baseline 0 -96"><span class='ocrx_word' id='word_1_103' title='bbox 116 1859 209 1938; x_wconf 89' lang='lat' dir='ltr'>tione</span> <span class='ocrx_word' id='word_1_104' title='bbox 236 1879 276 1934; x_wconf 88' lang='lat' dir='ltr'>et</span> <span class='ocrx_word' id='word_1_105' title='bbox 302 1860 363 1936; x_wconf 79' lang='lat' dir='ltr'>via</span> <span class='ocrx_word' id='word_1_106' title='bbox 386 1862 692 1962; x_wconf 82' lang='lat' dir='ltr'>philosophantur.</span> <span class='ocrx_word' id='word_1_107' title='bbox 742 1863 806 1935; x_wconf 89' lang='lat' dir='ltr'>Est</span> <span class='ocrx_word' id='word_1_108' title='bbox 832 1860 931 1936; x_wconf 86' lang='lat' dir='ltr'>enim</span> <span class='ocrx_word' id='word_1_109' title='bbox 960 1863 1143 2032; x_wconf 42' lang='lat' dir='ltr'>quoddam</span> 
     </span>
     <span class='ocr_line' id='line_1_17' title="bbox 116 1959 1143 2072; baseline -0.002 -38"><span class='ocrx_word' id='word_1_110' title='bbox 116 1983 226 2056; x_wconf 73' lang='lat' dir='ltr'>genus</span> <span class='ocrx_word' id='word_1_111' title='bbox 246 1985 386 2050; x_wconf 88' lang='lat' dir='ltr'>eorum,</span> <span class='ocrx_word' id='word_1_112' title='bbox 413 1961 476 2057; x_wconf 88' lang='lat' dir='ltr'>qui</span> <span class='ocrx_word' id='word_1_113' title='bbox 502 1961 536 2033; x_wconf 88' lang='lat' dir='ltr'>se</span> <span class='ocrx_word' id='word_1_114' title='bbox 563 1959 793 2072; x_wconf 79' lang='lat' dir='ltr'>philosophos</span> <span class='ocrx_word' id='word_1_115' title='bbox 817 1962 983 2058; x_wconf 73' lang='lat' dir='ltr'>appellen</span> <span class='ocrx_word' id='word_1_116' title='bbox 1001 1986 1049 2034; x_wconf 82' lang='lat' dir='ltr'>vo</span> <span class='ocrx_word' id='word_1_117' title='bbox 1062 1977 1143 2048; x_wconf 89' lang='lat' dir='ltr'>unt,</span> 
     </span>
     <span class='ocr_line' id='line_1_18' title="bbox 118 2057 1141 2158; baseline 0.006 -26"><span class='ocrx_word' id='word_1_118' title='bbox 118 2071 303 2158; x_wconf 74' lang='lat' dir='ltr'>‘lquorum</span> <span class='ocrx_word' id='word_1_119' title='bbox 337 2057 506 2134; x_wconf 86' lang='lat' dir='ltr'>dicuntur</span> <span class='ocrx_word' id='word_1_120' title='bbox 537 2059 605 2134; x_wconf 82' lang='lat' dir='ltr'>effe</span> <span class='ocrx_word' id='word_1_121' title='bbox 639 2059 758 2134; x_wconf 76' lang='lat' dir='ltr'>Latini</span> <span class='ocrx_word' id='word_1_122' title='bbox 788 2059 867 2134; x_wconf 79' lang='lat' dir='ltr'>sane</span> <span class='ocrx_word' id='word_1_123' title='bbox 900 2059 1004 2136; x_wconf 88' lang='lat' dir='ltr'>multi</span> <span class='ocrx_word' id='word_1_124' title='bbox 1031 2057 1141 2138; x_wconf 81' lang='lat' dir='ltr'>libri:</span> 
     </span>
    </p>
   </div>
   <div class='ocr_carea' id='block_1_5' title="bbox 114 2287 1178 4290">
    <p class='ocr_par' dir='ltr' id='par_1_5' title="bbox 114 2287 1178 3808">
     <span class='ocr_line' id='line_1_19' title="bbox 159 2287 1144 2372; baseline -0.001 -24"><span class='ocrx_word' id='word_1_125' title='bbox 159 2298 175 2326; x_wconf 71' lang='lat'>²</span> <span class='ocrx_word' id='word_1_126' title='bbox 199 2290 276 2349; x_wconf 75' lang='lat' dir='ltr'>ffltro</span> <span class='ocrx_word' id='word_1_127' title='bbox 294 2309 370 2368; x_wconf 69' lang='lat' dir='ltr'>qum</span> <span class='ocrx_word' id='word_1_128' title='bbox 388 2290 420 2350; x_wconf 83' lang='lat' dir='ltr'>id</span> <span class='ocrx_word' id='word_1_129' title='bbox 519 2292 607 2367; x_wconf 78' lang='lat' dir='ltr'>verist-</span> <span class='ocrx_word' id='word_1_130' title='bbox 655 2290 718 2372; x_wconf 78' lang='grc' dir='ltr'>μηδ’</span> <span class='ocrx_word' id='word_1_131' title='bbox 731 2287 783 2349; x_wconf 74' lang='lat' dir='ltr'>olor</span> <span class='ocrx_word' id='word_1_132' title='bbox 805 2294 1024 2348; x_wconf 67' lang='grc' dir='ltr'><strong>ΕΦΥΒΡΙΖΕΙΝ</strong></span> <span class='ocrx_word' id='word_1_133' title='bbox 1042 2287 1144 2367; x_wconf 73' lang='grc' dir='ltr'>ἐλέγξ·</span> 
     </span>
     <span class='ocr_line' id='line_1_20' title="bbox 123 2365 1146 2452; baseline -0.002 -25"><span class='ocrx_word' id='word_1_134' title='bbox 123 2369 182 2428; x_wconf 80' lang='lat' dir='ltr'>mile</span> <span class='ocrx_word' id='word_1_135' title='bbox 201 2372 325 2438; x_wconf 76' lang='lat' dir='ltr'>occurrit,</span> <span class='ocrx_word' id='word_1_136' title='bbox 333 2387 414 2450; x_wconf 85' lang='lat' dir='ltr'>progr</span> <span class='ocrx_word' id='word_1_137' title='bbox 447 2373 452 2383; x_wconf 91' lang='lat'>&#39;</span> <span class='ocrx_word' id='word_1_138' title='bbox 462 2369 604 2452; x_wconf 81' lang='lat' dir='ltr'>poffirmur]</span> <span class='ocrx_word' id='word_1_139' title='bbox 656 2389 754 2439; x_wconf 67' lang='lat' dir='ltr'>errae,</span> <span class='ocrx_word' id='word_1_140' title='bbox 776 2365 794 2446; x_wconf 70' lang='lat' dir='ltr'>s,</span> <span class='ocrx_word' id='word_1_141' title='bbox 818 2372 1089 2428; x_wconf 79' lang='lat' dir='ltr'><strong>XAAEIIMNEIN</strong></span> <span class='ocrx_word' id='word_1_142' title='bbox 1117 2369 1146 2425; x_wconf 85' lang='grc' dir='ltr'>ἐ·</span> 
     </span>
     <span class='ocr_line' id='line_1_21' title="bbox 125 2443 1145 2532; baseline 0.001 -27"><span class='ocrx_word' id='word_1_143' title='bbox 125 2449 220 2526; x_wconf 88' lang='lat' dir='ltr'>Vulgo</span> <span class='ocrx_word' id='word_1_144' title='bbox 232 2451 306 2520; x_wconf 76' lang='lat' dir='ltr'>dant,</span> <span class='ocrx_word' id='word_1_145' title='bbox 318 2451 387 2509; x_wconf 81' lang='lat' dir='ltr'>ultra</span> <span class='ocrx_word' id='word_1_146' title='bbox 403 2451 440 2520; x_wconf 88' lang='lat' dir='ltr'>id,</span> <span class='ocrx_word' id='word_1_147' title='bbox 454 2473 530 2532; x_wconf 81' lang='lat' dir='ltr'>quam</span> <span class='ocrx_word' id='word_1_148' title='bbox 544 2447 611 2532; x_wconf 80' lang='lat' dir='ltr'>quod</span> <span class='ocrx_word' id='word_1_149' title='bbox 657 2447 834 2530; x_wconf 66' lang='grc' dir='ltr'>λεῖχθέντας,</span> <span class='ocrx_word' id='word_1_150' title='bbox 848 2447 946 2516; x_wconf 71' lang='grc' dir='ltr'><strong><em>ἱκανῶς</em></strong></span> <span class='ocrx_word' id='word_1_151' title='bbox 959 2443 1145 2527; x_wconf 68' lang='lat' dir='ltr'>erpoxe&#39;rrrorlo&#39;f</span> 
     </span>
     <span class='ocr_line' id='line_1_22' title="bbox 121 2521 1148 2608; baseline 0.001 -23"><span class='ocrx_word' id='word_1_152' title='bbox 121 2529 256 2608; x_wconf 64' lang='lat' dir='ltr'>verpfmile</span> <span class='ocrx_word' id='word_1_153' title='bbox 285 2533 441 2590; x_wconf 86' lang='lat' dir='ltr'>occurrerit.</span> <span class='ocrx_word' id='word_1_154' title='bbox 490 2533 524 2589; x_wconf 92' lang='lat' dir='ltr'>ln</span> <span class='ocrx_word' id='word_1_155' title='bbox 557 2533 608 2590; x_wconf 92' lang='lat' dir='ltr'>hoc</span> <span class='ocrx_word' id='word_1_156' title='bbox 657 2530 711 2593; x_wconf 74' lang='grc' dir='ltr'>ἐςι.</span> <span class='ocrx_word' id='word_1_157' title='bbox 753 2531 823 2587; x_wconf 88' lang='lat' dir='ltr'>Vide</span> <span class='ocrx_word' id='word_1_158' title='bbox 837 2529 870 2586; x_wconf 78' lang='lat' dir='ltr'>fis</span> <span class='ocrx_word' id='word_1_159' title='bbox 884 2521 1031 2606; x_wconf 84' lang='lat' dir='ltr'>Originem</span> <span class='ocrx_word' id='word_1_160' title='bbox 1050 2537 1148 2590; x_wconf 71' lang='lat' dir='ltr'>eontra</span> 
     </span>
     <span class='ocr_line' id='line_1_23' title="bbox 122 2609 1148 2687; baseline -0.001 -20"><span class='ocrx_word' id='word_1_161' title='bbox 122 2609 193 2687; x_wconf 81' lang='lat' dir='ltr'>lieg.</span> <span class='ocrx_word' id='word_1_162' title='bbox 214 2611 290 2669; x_wconf 89' lang='lat' dir='ltr'>Med.</span> <span class='ocrx_word' id='word_1_163' title='bbox 311 2611 411 2670; x_wconf 80' lang='lat' dir='ltr'>Eliens.</span> <span class='ocrx_word' id='word_1_164' title='bbox 425 2611 475 2672; x_wconf 82' lang='lat' dir='ltr'>sec.</span> <span class='ocrx_word' id='word_1_165' title='bbox 496 2621 524 2669; x_wconf 92' lang='lat' dir='ltr'>et</span> <span class='ocrx_word' id='word_1_166' title='bbox 543 2613 608 2670; x_wconf 84' lang='lat' dir='ltr'>Bal·</span> <span class='ocrx_word' id='word_1_167' title='bbox 656 2609 780 2679; x_wconf 83' lang='lat' dir='ltr'>Celsum,</span> <span class='ocrx_word' id='word_1_168' title='bbox 792 2611 840 2668; x_wconf 92' lang='lat' dir='ltr'>lib.</span> <span class='ocrx_word' id='word_1_169' title='bbox 851 2610 871 2667; x_wconf 87' lang='lat' dir='ltr'>i.</span> <span class='ocrx_word' id='word_1_170' title='bbox 884 2629 913 2687; x_wconf 87' lang='lat' dir='ltr'>p.</span> <span class='ocrx_word' id='word_1_171' title='bbox 924 2623 972 2687; x_wconf 76' lang='lat'>55.</span> <span class='ocrx_word' id='word_1_172' title='bbox 985 2619 1014 2666; x_wconf 90' lang='lat' dir='ltr'>et</span> <span class='ocrx_word' id='word_1_173' title='bbox 1024 2609 1148 2666; x_wconf 66' lang='lat' dir='ltr'>Platonis</span> 
     </span>
     <span class='ocr_line' id='line_1_24' title="bbox 121 2689 1133 2770; baseline 0 -23"><span class='ocrx_word' id='word_1_174' title='bbox 121 2689 178 2748; x_wconf 87' lang='lat' dir='ltr'>liol.</span> <span class='ocrx_word' id='word_1_175' title='bbox 188 2691 216 2748; x_wconf 89' lang='lat' dir='ltr'>in</span> <span class='ocrx_word' id='word_1_176' title='bbox 229 2694 326 2750; x_wconf 84' lang='lat' dir='ltr'>ordine</span> <span class='ocrx_word' id='word_1_177' title='bbox 335 2694 479 2750; x_wconf 83' lang='lat' dir='ltr'>verborum</span> <span class='ocrx_word' id='word_1_178' title='bbox 490 2693 609 2770; x_wconf 72' lang='lat' dir='ltr'>reliquos</span> <span class='ocrx_word' id='word_1_179' title='bbox 656 2691 802 2767; x_wconf 81' lang='lat' dir='ltr'>Gorgiam,</span> <span class='ocrx_word' id='word_1_180' title='bbox 813 2709 843 2767; x_wconf 89' lang='lat' dir='ltr'>p.</span> <span class='ocrx_word' id='word_1_181' title='bbox 857 2689 924 2766; x_wconf 78' lang='lat'>285.</span> <span class='ocrx_word' id='word_1_182' title='bbox 934 2691 968 2748; x_wconf 84' lang='lat' dir='ltr'>E.</span> <span class='ocrx_word' id='word_1_183' title='bbox 982 2691 1025 2747; x_wconf 89' lang='lat' dir='ltr'>ed.</span> <span class='ocrx_word' id='word_1_184' title='bbox 1039 2689 1133 2765; x_wconf 84' lang='lat' dir='ltr'>Lugd.</span> 
     </span>
     <span class='ocr_line' id='line_1_25' title="bbox 122 2769 1147 2849; baseline -0.009 -15"><span class='ocrx_word' id='word_1_185' title='bbox 122 2769 203 2834; x_wconf 76' lang='lat' dir='ltr'>MSS.</span> <span class='ocrx_word' id='word_1_186' title='bbox 227 2771 379 2849; x_wconf 85' lang='lat' dir='ltr'>sequimur.</span> <span class='ocrx_word' id='word_1_187' title='bbox 422 2771 527 2830; x_wconf 65' lang='lat' dir='ltr'>Prome</span> <span class='ocrx_word' id='word_1_188' title='bbox 551 2777 610 2830; x_wconf 80' lang='lat' dir='ltr'>brec</span> <span class='ocrx_word' id='word_1_189' title='bbox 696 2772 776 2828; x_wconf 72' lang='lat' dir='ltr'>Pfie</span> <span class='ocrx_word' id='word_1_190' title='bbox 794 2791 843 2846; x_wconf 81' lang='lat' dir='ltr'>quo</span> <span class='ocrx_word' id='word_1_191' title='bbox 862 2769 935 2826; x_wconf 82' lang='lat' dir='ltr'>libris</span> <span class='ocrx_word' id='word_1_192' title='bbox 958 2770 1040 2826; x_wconf 81' lang='lat' dir='ltr'>omnia</span> <span class='ocrx_word' id='word_1_193' title='bbox 1063 2769 1147 2826; x_wconf 85' lang='lat' dir='ltr'>reser-</span> 
     </span>
     <span class='ocr_line' id='line_1_26' title="bbox 124 2847 1147 2930; baseline -0.005 -18"><span class='ocrx_word' id='word_1_194' title='bbox 124 2849 204 2911; x_wconf 73' lang='lat' dir='ltr'>etiam</span> <span class='ocrx_word' id='word_1_195' title='bbox 228 2853 342 2912; x_wconf 85' lang='lat' dir='ltr'>Boetiur</span> <span class='ocrx_word' id='word_1_196' title='bbox 371 2853 399 2912; x_wconf 86' lang='lat' dir='ltr'>in</span> <span class='ocrx_word' id='word_1_197' title='bbox 421 2853 520 2930; x_wconf 87' lang='lat' dir='ltr'>Topic.</span> <span class='ocrx_word' id='word_1_198' title='bbox 545 2871 610 2930; x_wconf 85' lang='lat' dir='ltr'>pag.</span> <span class='ocrx_word' id='word_1_199' title='bbox 657 2850 764 2923; x_wconf 82' lang='lat' dir='ltr'>serunt]</span> <span class='ocrx_word' id='word_1_200' title='bbox 787 2847 887 2906; x_wconf 87' lang='lat' dir='ltr'>Eliens.</span> <span class='ocrx_word' id='word_1_201' title='bbox 902 2848 951 2906; x_wconf 87' lang='lat' dir='ltr'>sec.</span> <span class='ocrx_word' id='word_1_202' title='bbox 965 2847 1060 2921; x_wconf 65' lang='lat' dir='ltr'>efferta</span> <span class='ocrx_word' id='word_1_203' title='bbox 1068 2849 1147 2922; x_wconf 74' lang='lat' dir='ltr'>sunt,</span> 
     </span>
     <span class='ocr_line' id='line_1_27' title="bbox 129 2927 1148 3006; baseline -0.002 -20"><span class='ocrx_word' id='word_1_204' title='bbox 129 2929 190 3006; x_wconf 82' lang='lat'>839.</span> <span class='ocrx_word' id='word_1_205' title='bbox 658 2950 708 2987; x_wconf 89' lang='lat' dir='ltr'>nec</span> <span class='ocrx_word' id='word_1_206' title='bbox 732 2929 811 2987; x_wconf 85' lang='lat' dir='ltr'>aliter</span> <span class='ocrx_word' id='word_1_207' title='bbox 833 2928 919 2984; x_wconf 81' lang='lat' dir='ltr'>edidit</span> <span class='ocrx_word' id='word_1_208' title='bbox 939 2927 1030 2986; x_wconf 78' lang='lat' dir='ltr'>Aldus</span> <span class='ocrx_word' id='word_1_209' title='bbox 1050 2945 1148 3003; x_wconf 75' lang='lat' dir='ltr'>nepos.</span> 
     </span>
     <span class='ocr_line' id='line_1_28' title="bbox 164 3007 1178 3088; baseline -0.006 -18"><span class='ocrx_word' id='word_1_210' title='bbox 164 3012 230 3069; x_wconf 65' lang='grc' dir='ltr'>οΕΙ</span> <span class='ocrx_word' id='word_1_211' title='bbox 250 3012 370 3070; x_wconf 83' lang='lat' dir='ltr'>refellere</span> <span class='ocrx_word' id='word_1_212' title='bbox 385 3013 444 3088; x_wconf 79' lang='lat' dir='ltr'>fine</span> <span class='ocrx_word' id='word_1_213' title='bbox 479 3011 610 3079; x_wconf 78' lang='lat' dir='ltr'>minacia,</span> <span class='ocrx_word' id='word_1_214' title='bbox 658 3007 948 3086; x_wconf 80' lang='lat' dir='ltr'>Avulgatascriptura</span> <span class='ocrx_word' id='word_1_215' title='bbox 956 3007 1178 3084; x_wconf 62' lang='lat' dir='ltr'>stantreliqui,s</span> 
     </span>
     <span class='ocr_line' id='line_1_29' title="bbox 124 3027 1148 3168; baseline -0.002 -22"><span class='ocrx_word' id='word_1_216' title='bbox 124 3102 150 3146; x_wconf 77' lang='lat' dir='ltr'>cr</span> <span class='ocrx_word' id='word_1_217' title='bbox 162 3090 243 3150; x_wconf 75' lang='lat' dir='ltr'>refelli</span> <span class='ocrx_word' id='word_1_218' title='bbox 247 3094 310 3168; x_wconf 76' lang='lat' dir='ltr'>fin</span> <span class='ocrx_word' id='word_1_219' title='bbox 326 3027 478 3166; x_wconf 64' lang='lat' dir='ltr'>iruundmi</span> <span class='ocrx_word' id='word_1_220' title='bbox 498 3091 551 3150; x_wconf 92' lang='lat' dir='ltr'>Vir</span> <span class='ocrx_word' id='word_1_221' title='bbox 563 3093 609 3150; x_wconf 87' lang='lat' dir='ltr'>Cl.</span> <span class='ocrx_word' id='word_1_222' title='bbox 659 3109 711 3149; x_wconf 88' lang='lat' dir='ltr'>nec</span> <span class='ocrx_word' id='word_1_223' title='bbox 731 3107 826 3146; x_wconf 88' lang='lat' dir='ltr'>eorum</span> <span class='ocrx_word' id='word_1_224' title='bbox 847 3087 913 3144; x_wconf 79' lang='lat' dir='ltr'>fides</span> <span class='ocrx_word' id='word_1_225' title='bbox 935 3087 973 3145; x_wconf 86' lang='lat' dir='ltr'>est</span> <span class='ocrx_word' id='word_1_226' title='bbox 994 3085 1148 3154; x_wconf 83' lang='lat' dir='ltr'>deserenda,</span> 
     </span>
     <span class='ocr_line' id='line_1_30' title="bbox 124 3166 1147 3246; baseline -0.009 -13"><span class='ocrx_word' id='word_1_227' title='bbox 124 3169 153 3226; x_wconf 88' lang='lat' dir='ltr'>P·</span> <span class='ocrx_word' id='word_1_228' title='bbox 174 3171 325 3232; x_wconf 77' lang='lat' dir='ltr'>Manutius</span> <span class='ocrx_word' id='word_1_229' title='bbox 345 3173 463 3240; x_wconf 78' lang='lat' dir='ltr'>mavult,</span> <span class='ocrx_word' id='word_1_230' title='bbox 479 3181 505 3228; x_wconf 81' lang='lat' dir='ltr'>rt</span> <span class='ocrx_word' id='word_1_231' title='bbox 522 3170 610 3230; x_wconf 80' lang='lat' dir='ltr'>refelli</span> <span class='ocrx_word' id='word_1_232' title='bbox 659 3169 895 3246; x_wconf 83' lang='lat' dir='ltr'>quemadmodum</span> <span class='ocrx_word' id='word_1_233' title='bbox 923 3179 999 3245; x_wconf 81' lang='lat' dir='ltr'>patet</span> <span class='ocrx_word' id='word_1_234' title='bbox 1020 3187 1053 3224; x_wconf 81' lang='lat' dir='ltr'>ex</span> <span class='ocrx_word' id='word_1_235' title='bbox 1076 3166 1147 3224; x_wconf 90' lang='lat' dir='ltr'>Pris-</span> 
     </span>
     <span class='ocr_line' id='line_1_31' title="bbox 114 3246 1148 3330; baseline -0.007 -19"><span class='ocrx_word' id='word_1_236' title='bbox 114 3250 169 3326; x_wconf 63' lang='grc' dir='ltr'>,βω</span> <span class='ocrx_word' id='word_1_237' title='bbox 187 3253 343 3330; x_wconf 59' lang='lat' dir='ltr'>pertinacia,</span> <span class='ocrx_word' id='word_1_238' title='bbox 365 3265 390 3312; x_wconf 68' lang='lat' dir='ltr'>et</span> <span class='ocrx_word' id='word_1_239' title='bbox 415 3251 535 3310; x_wconf 82' lang='lat' dir='ltr'>refellere</span> <span class='ocrx_word' id='word_1_240' title='bbox 552 3254 612 3329; x_wconf 77' lang='lat' dir='ltr'>fine</span> <span class='ocrx_word' id='word_1_241' title='bbox 659 3249 734 3308; x_wconf 91' lang='lat' dir='ltr'>ciani</span> <span class='ocrx_word' id='word_1_242' title='bbox 753 3249 801 3306; x_wconf 89' lang='lat' dir='ltr'>lib.</span> <span class='ocrx_word' id='word_1_243' title='bbox 823 3267 852 3306; x_wconf 81' lang='lat' dir='ltr'>x.</span> <span class='ocrx_word' id='word_1_244' title='bbox 875 3246 926 3304; x_wconf 88' lang='lat' dir='ltr'>col.</span> <span class='ocrx_word' id='word_1_245' title='bbox 946 3267 1016 3324; x_wconf 76' lang='lat'>904.</span> <span class='ocrx_word' id='word_1_246' title='bbox 1052 3246 1148 3312; x_wconf 76' lang='lat' dir='ltr'>Cicero,</span> 
     </span>
     <span class='ocr_line' id='line_1_32' title="bbox 123 3327 1149 3408; baseline -0.007 -17"><span class='ocrx_word' id='word_1_247' title='bbox 123 3331 266 3392; x_wconf 56' lang='lat' dir='ltr'>emaum.</span> <span class='ocrx_word' id='word_1_248' title='bbox 309 3333 459 3390; x_wconf 86' lang='lat' dir='ltr'>Cumvero</span> <span class='ocrx_word' id='word_1_249' title='bbox 471 3343 610 3408; x_wconf 80' lang='lat' dir='ltr'>receptam</span> <span class='ocrx_word' id='word_1_250' title='bbox 660 3328 754 3406; x_wconf 90' lang='lat' dir='ltr'>inquit</span> <span class='ocrx_word' id='word_1_251' title='bbox 771 3327 1069 3396; x_wconf 75' lang='lat' dir='ltr'>Grammaticur,inii.</span> <span class='ocrx_word' id='word_1_252' title='bbox 1085 3327 1149 3402; x_wconf 81' lang='lat' dir='ltr'>Tus·</span> 
     </span>
     <span class='ocr_line' id='line_1_33' title="bbox 115 3405 1149 3484; baseline 0 -18"><span class='ocrx_word' id='word_1_253' title='bbox 115 3409 269 3472; x_wconf 69' lang='lat' dir='ltr'>,lectionem</span> <span class='ocrx_word' id='word_1_254' title='bbox 284 3421 413 3469; x_wconf 86' lang='lat' dir='ltr'>tueantur</span> <span class='ocrx_word' id='word_1_255' title='bbox 426 3412 539 3472; x_wconf 85' lang='lat' dir='ltr'>Boetius</span> <span class='ocrx_word' id='word_1_256' title='bbox 550 3431 611 3468; x_wconf 90' lang='lat' dir='ltr'>om·</span> <span class='ocrx_word' id='word_1_257' title='bbox 659 3408 711 3466; x_wconf 81' lang='lat' dir='ltr'>cul.</span> <span class='ocrx_word' id='word_1_258' title='bbox 742 3410 785 3466; x_wconf 84' lang='lat' dir='ltr'>Ex</span> <span class='ocrx_word' id='word_1_259' title='bbox 799 3407 889 3484; x_wconf 80' lang='lat' dir='ltr'>quibus</span> <span class='ocrx_word' id='word_1_260' title='bbox 903 3407 990 3466; x_wconf 79' lang='lat' dir='ltr'>verbis</span> <span class='ocrx_word' id='word_1_261' title='bbox 1000 3405 1076 3466; x_wconf 78' lang='lat' dir='ltr'>eriam</span> <span class='ocrx_word' id='word_1_262' title='bbox 1087 3427 1149 3466; x_wconf 87' lang='lat' dir='ltr'>om-</span> 
     </span>
     <span class='ocr_line' id='line_1_34' title="bbox 126 3485 1149 3568; baseline -0.002 -22"><span class='ocrx_word' id='word_1_263' title='bbox 126 3489 221 3568; x_wconf 80' lang='lat' dir='ltr'>nesque</span> <span class='ocrx_word' id='word_1_264' title='bbox 247 3492 339 3551; x_wconf 91' lang='lat' dir='ltr'>Tullii</span> <span class='ocrx_word' id='word_1_265' title='bbox 371 3493 495 3560; x_wconf 71' lang='lat' dir='ltr'>codices,</span> <span class='ocrx_word' id='word_1_266' title='bbox 532 3491 612 3548; x_wconf 76' lang='lat' dir='ltr'>causa</span> <span class='ocrx_word' id='word_1_267' title='bbox 659 3490 708 3546; x_wconf 82' lang='lat' dir='ltr'>nia</span> <span class='ocrx_word' id='word_1_268' title='bbox 726 3485 894 3546; x_wconf 85' lang='lat' dir='ltr'>referserunt.</span> <span class='ocrx_word' id='word_1_269' title='bbox 934 3487 978 3544; x_wconf 81' lang='lat' dir='ltr'>Ex</span> <span class='ocrx_word' id='word_1_270' title='bbox 995 3487 1086 3544; x_wconf 83' lang='lat' dir='ltr'>nostro</span> <span class='ocrx_word' id='word_1_271' title='bbox 1107 3507 1149 3544; x_wconf 91' lang='lat' dir='ltr'>re·</span> 
     </span>
     <span class='ocr_line' id='line_1_35' title="bbox 125 3567 1149 3648; baseline -0.006 -21"><span class='ocrx_word' id='word_1_272' title='bbox 125 3571 245 3645; x_wconf 72' lang='lat' dir='ltr'>profesto</span> <span class='ocrx_word' id='word_1_273' title='bbox 274 3572 367 3648; x_wconf 81' lang='lat' dir='ltr'>gravis</span> <span class='ocrx_word' id='word_1_274' title='bbox 397 3571 496 3630; x_wconf 81' lang='lat' dir='ltr'>subesse</span> <span class='ocrx_word' id='word_1_275' title='bbox 523 3572 612 3639; x_wconf 84' lang='lat' dir='ltr'>debet,</span> <span class='ocrx_word' id='word_1_276' title='bbox 640 3569 759 3626; x_wconf 77' lang='lat' dir='ltr'>¹scribor</span> <span class='ocrx_word' id='word_1_277' title='bbox 772 3577 996 3644; x_wconf 56' lang='lat' dir='ltr'>oportebatque</span> <span class='ocrx_word' id='word_1_278' title='bbox 1008 3567 1086 3624; x_wconf 81' lang='lat' dir='ltr'>libris</span> <span class='ocrx_word' id='word_1_279' title='bbox 1094 3587 1149 3622; x_wconf 81' lang='lat' dir='ltr'>cnr·</span> 
     </span>
     <span class='ocr_line' id='line_1_36' title="bbox 125 3647 1151 3724; baseline -0.002 -18"><span class='ocrx_word' id='word_1_280' title='bbox 125 3669 173 3708; x_wconf 91' lang='lat' dir='ltr'>cur</span> <span class='ocrx_word' id='word_1_281' title='bbox 184 3653 245 3710; x_wconf 78' lang='lat' dir='ltr'>haec</span> <span class='ocrx_word' id='word_1_282' title='bbox 260 3653 295 3709; x_wconf 86' lang='lat' dir='ltr'>ab</span> <span class='ocrx_word' id='word_1_283' title='bbox 308 3672 340 3710; x_wconf 88' lang='lat' dir='ltr'>eo</span> <span class='ocrx_word' id='word_1_284' title='bbox 353 3663 458 3710; x_wconf 84' lang='lat' dir='ltr'>tentata</span> <span class='ocrx_word' id='word_1_285' title='bbox 469 3653 501 3708; x_wconf 81' lang='lat' dir='ltr'>st</span> <span class='ocrx_word' id='word_1_286' title='bbox 511 3670 612 3708; x_wconf 81' lang='lat' dir='ltr'>vocum</span> <span class='ocrx_word' id='word_1_287' title='bbox 658 3650 704 3706; x_wconf 80' lang='lat' dir='ltr'>nia</span> <span class='ocrx_word' id='word_1_288' title='bbox 725 3647 891 3724; x_wconf 66' lang='lat' dir='ltr'>rfferserunt:</span> <span class='ocrx_word' id='word_1_289' title='bbox 921 3649 956 3704; x_wconf 83' lang='lat' dir='ltr'>ad</span> <span class='ocrx_word' id='word_1_290' title='bbox 979 3650 1053 3704; x_wconf 89' lang='lat' dir='ltr'>hunc</span> <span class='ocrx_word' id='word_1_291' title='bbox 1072 3647 1151 3704; x_wconf 82' lang='lat' dir='ltr'>enirn</span> 
     </span>
     <span class='ocr_line' id='line_1_37' title="bbox 124 3725 1149 3808; baseline -0.003 -22"><span class='ocrx_word' id='word_1_292' title='bbox 124 3730 305 3808; x_wconf 77' lang='lat' dir='ltr'>transpositio.</span> <span class='ocrx_word' id='word_1_293' title='bbox 332 3733 373 3790; x_wconf 85' lang='lat' dir='ltr'>At</span> <span class='ocrx_word' id='word_1_294' title='bbox 385 3751 447 3790; x_wconf 80' lang='lat' dir='ltr'>earn</span> <span class='ocrx_word' id='word_1_295' title='bbox 461 3731 560 3790; x_wconf 86' lang='lat' dir='ltr'>celavit</span> <span class='ocrx_word' id='word_1_296' title='bbox 570 3731 613 3788; x_wconf 90' lang='lat' dir='ltr'>vir</span> <span class='ocrx_word' id='word_1_297' title='bbox 660 3729 754 3786; x_wconf 90' lang='lat' dir='ltr'>locum</span> <span class='ocrx_word' id='word_1_298' title='bbox 780 3727 899 3806; x_wconf 88' lang='lat' dir='ltr'>respicit,</span> <span class='ocrx_word' id='word_1_299' title='bbox 922 3738 955 3786; x_wconf 88' lang='lat' dir='ltr'>ut</span> <span class='ocrx_word' id='word_1_300' title='bbox 981 3725 1089 3784; x_wconf 79' lang='lat' dir='ltr'>abunde</span> <span class='ocrx_word' id='word_1_301' title='bbox 1113 3725 1149 3783; x_wconf 89' lang='lat' dir='ltr'>li·</span> 
     </span>
    </p>

    <p class='ocr_par' dir='ltr' id='par_1_6' title="bbox 124 3812 1153 4290">
     <span class='ocr_line' id='line_1_38' title="bbox 124 3812 739 3890; baseline -0.003 -22"><span class='ocrx_word' id='word_1_302' title='bbox 124 3812 335 3882; x_wconf 78' lang='lat' dir='ltr'>cruditiffimus5</span> <span class='ocrx_word' id='word_1_303' title='bbox 370 3823 538 3890; x_wconf 88' lang='lat' dir='ltr'>quapropter</span> <span class='ocrx_word' id='word_1_304' title='bbox 562 3830 612 3870; x_wconf 84' lang='lat' dir='ltr'>nos</span> <span class='ocrx_word' id='word_1_305' title='bbox 661 3820 739 3886; x_wconf 88' lang='lat' dir='ltr'>quet.</span> 
     </span>
     <span class='ocr_line' id='line_1_39' title="bbox 125 3883 1151 3980; baseline -0.007 -32"><span class='ocrx_word' id='word_1_306' title='bbox 125 3891 551 3980; x_wconf 75' lang='lat' dir='ltr'>periteracTurnebus,Adrers.</span> <span class='ocrx_word' id='word_1_307' title='bbox 562 3892 612 3950; x_wconf 90' lang='lat' dir='ltr'>lib.</span> <span class='ocrx_word' id='word_1_308' title='bbox 701 3897 715 3936; x_wconf 66' lang='grc' dir='ltr'>(Ι</span> <span class='ocrx_word' id='word_1_309' title='bbox 735 3891 852 3962; x_wconf 59' lang='lat' dir='ltr'>Quorum</span> <span class='ocrx_word' id='word_1_310' title='bbox 865 3885 986 3944; x_wconf 81' lang='lat' dir='ltr'>dicuntur</span> <span class='ocrx_word' id='word_1_311' title='bbox 997 3883 1040 3964; x_wconf 76' lang='lat' dir='ltr'>effi</span> <span class='ocrx_word' id='word_1_312' title='bbox 1059 3883 1151 3947; x_wconf 69' lang='lat' dir='ltr'>Lateri</span> 
     </span>
     <span class='ocr_line' id='line_1_40' title="bbox 130 3963 1150 4050; baseline -0.001 -24"><span class='ocrx_word' id='word_1_313' title='bbox 130 3969 158 4044; x_wconf 69' lang='lat' dir='ltr'>ri.</span> <span class='ocrx_word' id='word_1_314' title='bbox 170 3990 232 4050; x_wconf 82' lang='lat' dir='ltr'>cap.</span> <span class='ocrx_word' id='word_1_315' title='bbox 248 3971 277 4030; x_wconf 88' lang='lat'>8.</span> <span class='ocrx_word' id='word_1_316' title='bbox 298 3973 440 4048; x_wconf 81' lang='lat' dir='ltr'>vulgatam</span> <span class='ocrx_word' id='word_1_317' title='bbox 461 3971 612 4029; x_wconf 86' lang='lat' dir='ltr'>tuebimur.</span> <span class='ocrx_word' id='word_1_318' title='bbox 652 3969 720 4046; x_wconf 82' lang='lat' dir='ltr'>sane</span> <span class='ocrx_word' id='word_1_319' title='bbox 732 3969 806 4025; x_wconf 82' lang='lat' dir='ltr'>multi</span> <span class='ocrx_word' id='word_1_320' title='bbox 816 3966 889 4039; x_wconf 77' lang='lat' dir='ltr'>libri]</span> <span class='ocrx_word' id='word_1_321' title='bbox 907 3967 954 4023; x_wconf 86' lang='lat' dir='ltr'>Ad</span> <span class='ocrx_word' id='word_1_322' title='bbox 964 3963 1150 4025; x_wconf 65' lang='lat' dir='ltr'>Amafinium</span> 
     </span>
     <span class='ocr_line' id='line_1_41' title="bbox 131 4045 1150 4129; baseline -0.005 -20"><span class='ocrx_word' id='word_1_323' title='bbox 131 4045 289 4110; x_wconf 70' lang='lat' dir='ltr'>Plutarchus</span> <span class='ocrx_word' id='word_1_324' title='bbox 308 4053 343 4110; x_wconf 89' lang='lat' dir='ltr'>de</span> <span class='ocrx_word' id='word_1_325' title='bbox 363 4051 434 4129; x_wconf 82' lang='lat' dir='ltr'>pros.</span> <span class='ocrx_word' id='word_1_326' title='bbox 450 4051 524 4110; x_wconf 81' lang='lat' dir='ltr'>virt.</span> <span class='ocrx_word' id='word_1_327' title='bbox 546 4051 612 4109; x_wconf 88' lang='lat' dir='ltr'>sent.</span> <span class='ocrx_word' id='word_1_328' title='bbox 663 4048 784 4124; x_wconf 85' lang='lat' dir='ltr'>aliosque</span> <span class='ocrx_word' id='word_1_329' title='bbox 797 4046 928 4123; x_wconf 83' lang='lat' dir='ltr'>quosdam</span> <span class='ocrx_word' id='word_1_330' title='bbox 945 4045 1092 4124; x_wconf 72' lang='lat' dir='ltr'>Epicureos</span> <span class='ocrx_word' id='word_1_331' title='bbox 1106 4065 1150 4104; x_wconf 84' lang='lat' dir='ltr'>re·</span> 
     </span>
     <span class='ocr_line' id='line_1_42' title="bbox 132 4125 1150 4261; baseline -0.007 -75"><span class='ocrx_word' id='word_1_332' title='bbox 132 4135 198 4218; x_wconf 77' lang='lat' dir='ltr'>torn.</span> <span class='ocrx_word' id='word_1_333' title='bbox 212 4131 241 4192; x_wconf 91' lang='lat' dir='ltr'>ii.</span> <span class='ocrx_word' id='word_1_334' title='bbox 261 4151 291 4212; x_wconf 90' lang='lat' dir='ltr'>p.</span> <span class='ocrx_word' id='word_1_335' title='bbox 307 4131 402 4196; x_wconf 80' lang='lat' dir='ltr'>80.B.</span> <span class='ocrx_word' id='word_1_336' title='bbox 418 4131 461 4194; x_wconf 88' lang='lat' dir='ltr'>ed.</span> <span class='ocrx_word' id='word_1_337' title='bbox 475 4133 536 4194; x_wconf 84' lang='lat' dir='ltr'>Par.</span> <span class='ocrx_word' id='word_1_338' title='bbox 575 4126 613 4191; x_wconf 85' lang='lat' dir='ltr'>Ti</span> <span class='ocrx_word' id='word_1_339' title='bbox 663 4128 753 4206; x_wconf 89' lang='lat' dir='ltr'>spicit,</span> <span class='ocrx_word' id='word_1_340' title='bbox 774 4127 823 4204; x_wconf 91' lang='lat' dir='ltr'>qui</span> <span class='ocrx_word' id='word_1_341' title='bbox 848 4127 947 4186; x_wconf 71' lang='lat' dir='ltr'>Latine</span> <span class='ocrx_word' id='word_1_342' title='bbox 970 4129 1004 4187; x_wconf 88' lang='lat' dir='ltr'>de</span> <span class='ocrx_word' id='word_1_343' title='bbox 1028 4125 1150 4261; x_wconf 47' lang='lat' dir='ltr'>Philo?-</span> 
     </span>
     <span class='ocr_line' id='line_1_43' title="bbox 661 4215 1153 4290; baseline -0.008 1"><span class='ocrx_word' id='word_1_344' title='bbox 661 4215 719 4290; x_wconf 44' lang='lat'>¹3&#39;</span> <span class='ocrx_word' id='word_1_345' title='bbox 880 4219 885 4226; x_wconf 67' lang='grc'>’</span> <span class='ocrx_word' id='word_1_346' title='bbox 1084 4221 1153 4288; x_wconf 68' lang='lat'>1³¹³</span> 
     </span>
    </p>
   </div>
   <div class='ocr_carea' id='block_1_6' title="bbox 0 0 1432 4859">
    <p class='ocr_par' dir='ltr' id='par_1_7' title="bbox 0 0 1432 4859">
     <span class='ocr_line' id='line_1_44' title="bbox 0 0 1432 4859; baseline 0 0"><span class='ocrx_word' id='word_1_347' title='bbox 0 0 1432 4859; x_wconf 95' lang='lat' dir='ltr'> </span> 
     </span>
    </p>
   </div>
  </div>
 </body>
</html>
