2817 4859
228 324 233 329 ·
261 314 323 378 322
470 296 663 361 tutem,
683 287 1088 385 btsuuumotwnt

264 481 360 556 cant,
378 460 477 538 nulla
491 461 681 564 impotenti
705 461 835 538 laetitia
856 461 1066 550 efferantur,
1081 455 1180 536 betti
1203 461 1297 547 sintt

264 565 386 663 itaque
410 563 449 636 id
472 562 540 638 tibi
566 564 758 637 concedo't
785 564 937 636 alterum
963 577 1083 636 nutem
1103 561 1182 657 jam
1205 561 1303 632 inte*

133 663 137 670 ’
263 687 370 761 grum
399 685 472 736 non
500 663 579 736 est:
606 661 845 762 superioribus
872 660 971 734 enim
997 658 1301 757 disputationibus

262 762 439 836 effedlum
453 761 519 845 est,
537 785 662 835 vacate
677 760 778 834 omni
794 760 905 833 animi
970 757 1189 832 ttunbatione
1207 758 1300 855 snpi-

263 877 395 934 entem.
434 860 494 934 M.
513 859 698 934 Nimirum
713 857 824 958 igitur
840 883 910 932 con
928 858 1011 932 edla
1023 877 1079 930 ten
1092 858 1166 930 est:
1194 856 1299 930 vide-

261 977 323 1034 tur
338 961 436 1033 enim
452 961 498 1032 ad
514 958 653 1033 exitum
669 957 804 1031 venisse
819 956 983 1056 quaestio.
1033 958 1081 1032 A.
1099 955 1298 1054 Propemo-

262 1061 352 1133 dum
374 1059 414 1132 id
429 1058 590 1157 quidem.
640 1057 700 1131 M.
725 1057 997 1131 Verumtamen
1022 1053 1298 1130 mathematico·

260 1178 342 1234 rum
372 1157 435 1232 iste
461 1181 540 1230 mon
566 1155 642 1242 est3
672 1179 749 1230 non
773 1157 827 1229 est
855 1154 1178 1253 philosophorum:
1210 1177 1297 1230 nam

259 1275 466 1356 geometrae,
491 1278 578 1329 cum
603 1255 743 1353 aliquid
765 1258 898 1329 docere
918 1255 1061 1344 volunt,
1082 1253 1110 1326 fi
1134 1251 1226 1350 quid
1249 1255 1296 1328 od

259 1379 337 1429 eam
367 1379 443 1430 rem
462 1354 619 1454 pertinet
641 1377 770 1428 eontm
794 1377 880 1451 quae
905 1369 987 1426 ente
1013 1354 1229 1439 docuerunt,
1256 1353 1296 1428 id

257 1454 404 1528 sumunt
428 1476 494 1554 pro
516 1454 684 1528 concesso
705 1469 743 1528 et
767 1453 944 1552 probaton
972 1449 1065 1526 illud
1094 1454 1204 1525 modo
1227 1477 1295 1526 ex-

255 1552 407 1652 plicant,
423 1556 469 1627 de
486 1577 561 1652 quo
576 1569 658 1626 ante
674 1551 766 1625 nihil
783 1552 954 1651 scriptum
970 1551 1045 1626 est:
1072 1551 1294 1650 philosophi,

256 1675 512 1751 quamcunque
539 1677 614 1726 rem
638 1651 773 1726 liabent
797 1649 835 1724 in
860 1649 1038 1742 manibus,
1055 1648 1187 1725 ineam
1209 1675 1294 1750 quae

256 1752 479 1826 conveniunt
505 1767 708 1850 congerunt
731 1748 865 1841 omnia,
882 1750 947 1823 etsi
971 1751 1043 1822 alio
1058 1751 1142 1824 loco
1164 1749 1293 1848 dispu-

254 1866 330 1924 tata
354 1852 447 1924 sunt.
497 1851 609 1934 Quod
636 1849 673 1922 ni
692 1849 867 1935 ittesset3
894 1873 959 1923 cur
983 1847 1138 1940 Stoicus,
1154 1849 1183 1921 fi
1201 1851 1294 1924 esset

255 1949 461 2048 quaesitum,
478 1947 614 2022 Satisne
629 1951 675 2021 ad
692 1951 796 2022 beate
812 1947 1008 2022 vivendum
1026 1947 1138 2022 virtus
1161 1949 1294 2046 posset,

254 2049 370 2121 multa
393 2047 555 2122 diceret?
581 2046 641 2120 cui
666 2046 747 2120 satis
769 2047 856 2120 esset
881 2045 1105 2145 respondere,
1133 2048 1179 2120 Se
1206 2065 1291 2124 ante

253 2145 415 2222 docuisse
439 2145 529 2220 nihil
553 2147 694 2220 bonum
717 2145 1000 2243 esse,nis1qood
1025 2145 1218 2220 honestum
1235 2147 1290 2222 es·

253 2243 331 2320 set:
359 2245 429 2320 hoc
485 2243 624 2335 rotato,
650 2243 980 2342 consequantu,
1007 2247 1147 2319 beatam
1172 2245 1289 2322 vitam

249 2345 385 2422 virtute
409 2269 483 2420 essi
505 2361 735 2419 contentam:
763 2363 799 2417 et
823 2369 897 2444 quo
920 2346 1030 2418 modo
1047 2345 1118 2418 hoc
1134 2343 1181 2418 fit
1196 2370 1289 2420 con·

249 2447 400 2542 sequens
424 2443 490 2535 illi,
506 2443 558 2518 fic
577 2442 670 2517 illud
687 2442 772 2516 huic
790 2476 799 2530 ς
826 2463 879 2534 ut,
896 2443 924 2517 fi
942 2444 1044 2518 betta
1058 2441 1134 2516 vita
1150 2443 1286 2520 virtute

246 2538 421 2617 ¹contenta
435 2543 492 2632 sit,
509 2542 576 2615 nist
600 2541 793 2617 honestum
817 2545 917 2640 quod
940 2542 997 2628 sit,
1014 2539 1106 2616 nihil
1122 2543 1224 2617 aliud
1242 2545 1287 2620 stt

250 2643 402 2716 bonum.
453 2641 524 2714 Sed
540 2659 658 2715 tamen
683 2665 794 2715 nona
821 2661 887 2716 unt
903 2643 971 2716 fic:
998 2667 1082 2715 nam
1098 2658 1135 2715 et
1151 2644 1197 2716 de
1217 2645 1284 2718 ho-

248 2742 363 2828 nesto,
381 2757 419 2814 et
434 2740 479 2814 de
504 2740 645 2814 summo
671 2741 770 2816 bono
793 2666 978 2840 {paratim
1001 2739 1084 2814 libri
1112 2741 1218 2816 sunt:
1247 2765 1285 2818 et

248 2865 335 2916 cum
363 2863 480 2914 exeo
507 2837 697 2929 efficiatur,
725 2838 805 2913 satis
828 2865 886 2914 ma
913 2883 914 2886 π
937 2865 994 2914 am
1017 2839 1055 2914 in
1076 2839 1211 2914 virtute
1237 2845 1284 2930 ad

246 2939 350 3012 beate
373 2937 572 3014 vivendum
597 2937 666 3012 effe
692 2937 781 3025 vim,
806 2865 1040 3014 nhiionminus
1067 2939 1138 3014 hoc
1168 2960 1284 3039 agtmt

218 3035 456 3150 'seponatim
480 3035 634 3136 propriis
657 3035 755 3111 enim
779 3056 816 3111 et
840 3038 911 3113 suis
925 3037 1144 3136 argumentis
1158 3057 1198 3114 et
1215 3043 1280 3114 ad-

245 3135 505 3210 monitionibus
529 3135 716 3210 trananda
738 3159 894 3236 quaeque
917 3163 971 3212 res
987 3137 1053 3225 est,
1069 3153 1169 3211 tanta
1186 3163 1281 3238 pm.
1404 3151 1405 3176 ‡

242 3235 390 3310 sertim:
417 3259 505 3308 cave
527 3235 625 3308 enim
641 3253 746 3332 putes
768 3237 899 3312 tullam
922 3259 944 3310 a
994 3236 1196 3335 hilosophia
1214 3265 1279 3314 vo·
1393 3324 1398 3337 Ι

244 3359 326 3410 cem
349 3333 511 3408 emissam
535 3331 735 3424 clariorem,
755 3325 917 3412 ullumve
940 3361 959 3408 e
990 3360 1010 3411 e
1034 3333 1282 3436 philosophia

241 3431 454 3532 promissum
476 3432 621 3506 uberius
643 3451 706 3506 aut
728 3435 853 3532 majus.
903 3433 1001 3510 Nam
1017 3435 1108 3532 quid
1123 3437 1278 3534 profite«

162 3595 169 3614 ,
241 3551 315 3619 tur,
334 3557 358 3606 o
383 3531 448 3606 Dii
472 3530 589 3609 boni?
614 3533 852 3632 persedumm
879 3531 927 3619 se,
975 3533 1014 3608 ui
1036 3533 1179 3632 legibus
1206 3535 1277 3612 suis

240 3629 422 3731 paruisset,
437 3645 480 3704 ut
503 3629 590 3706 esset
611 3649 737 3705 eontnt
753 3632 936 3706 fortunam
949 3559 1025 3708 iem
1073 3651 1275 3726 farinatus,

239 3749 283 3808 ut
305 3728 428 3808 omnia
448 3729 613 3828 praefidia
634 3731 783 3806 baberet
807 3731 845 3806 in
862 3729 896 3806 se
913 3732 1004 3807 bene
1047 3749 1201 3834 eateque
1219 3733 1278 3807 vi?

251 3971 255 3978 ’
277 3968 289 4007 ²
310 3967 398 4030 Ullam
418 3992 437 4032 ι
447 3969 602 4051 philosophia
622 3969 724 4050 vocent]
776 3971 923 4032 lehlionem
936 3973 1110 4052 recepimun3
1126 3973 1271 4042 hicenlm‚

237 4045 344 4126 Vulgo,
363 4049 444 4114 ullam
466 4053 495 4109 in
503 4053 658 4132 philosophia
677 4074 727 4111 vo·
775 4065 809 4111 ut
822 4055 851 4110 in
863 4053 1039 4130 sequentibus
1049 4056 1152 4125 verbis,
1161 4073 1270 4135 προσω-

234 4146 299 4188 cent.
326 4131 390 4190 Not
400 4141 498 4190 autem
512 4133 606 4224 Vatip.
623 4132 727 4194 oodicit
774 4135 920 4214 nonotti‘tap
933 4133 1121 4216 philosophia.
