2817 4859
286 330 346 391 nn
365 322 536 393 rosana.
556 322 890 395 msrrrrnnouns.
1043 348 1105 413 μς

115 512 193 571 ibid.
214 510 287 571 Nem
305 524 336 570 ur
354 509 404 569 itla
421 524 518 569 natura
535 509 639 587 calmis
657 518 683 569 et
701 523 771 569 terra
790 524 872 569 vacat
890 524 916 571 er
929 508 1048 571 hm.-
1058 516 1102 591 fir

74 606 205 687 nitidque
217 606 310 665 harum
321 625 407 664 rerum
418 603 544 663 humanus
555 606 658 665 animus
669 608 704 681 est
715 623 802 685 eupm
811 630 822 663 .·
830 608 878 683 ſsu
885 620 969 665 autem
981 610 1016 683 (st
1027 610 1112 687 qm..

75 715 106 761 ra
119 703 240 783 qraednm
253 718 350 762 natura
362 701 397 761 ab
410 703 539 778 Aristotele
556 702 688 763 indubia:
710 703 835 781 primum
848 702 903 761 haec
916 718 941 761 er
954 704 1054 765 mm
1067 708 1103 785 est

73 816 101 859 er
115 800 274 877 animorum]
298 802 343 858 Sic
362 800 438 857 dedit
449 800 624 871 Gebhardue,
637 819 723 876 quem
744 798 846 860 nollem
859 810 919 857 tarn
933 800 1019 877 presso
1033 805 1101 881 pede

75 897 234 976 sequereris.
273 898 340 955 Quo
353 898 428 955 enim
442 897 561 975 pertinet
571 898 710 974 primam?
727 897 839 975 prim
850 896 907 955 haec
918 899 952 973 cst
964 898 1065 959 danum
1077 914 1103 961 ar

73 1000 237 1057 animorum.-
259 998 328 1077 quid
342 996 491 1055 secundum
505 1000 515 1053 ?
537 997 618 1057 nihil.
645 998 694 1054 Tu
708 1016 771 1055 vero
785 997 923 1055 labantem
937 997 1101 1061 senteutiam

75 1094 256 1153 ditiiusiione
276 1096 330 1152 hae
341 1094 459 1151 sustenta
470 1117 478 1151 ε
488 1094 536 1170 sin
548 1107 633 1151 autern
645 1092 683 1153 est
696 1093 798 1170 quinta
811 1095 940 1170 quadam
954 1106 1053 1155 natura
1066 1099 1104 1155 ab

75 1194 226 1253 Aristotele
240 1190 345 1251 indubia
354 1192 485 1271 primunr:
500 1192 558 1249 haec
572 1202 599 1247 et
611 1191 725 1249 deorum
740 1190 813 1248 estet
828 1190 995 1249 animorum.
1023 1192 1103 1251 Quid

73 1291 201 1349 clarius?
215 1290 251 1347 tic
263 1288 329 1346 aiibi
340 1288 440 1346 Noster
449 1286 494 1345 De
504 1285 640 1345 Oratore:
667 1287 719 1363 Qui
732 1286 778 1343 hoc
790 1288 897 1363 primus
907 1288 934 1345 in
947 1289 1037 1363 nerstrn
1050 1310 1103 1347 mo·

74 1409 116 1447 res
135 1388 259 1446 induxit.
299 1387 364 1465 Jam
385 1394 479 1444 autem
499 1386 535 1443 src
555 1387 637 1462 plane
661 1384 870 1462 interpunbtunr
889 1386 969 1443 video
982 1389 1018 1444 ab
1031 1388 1104 1446 nldo

74 1493 197 1563 nepote:
220 1494 249 1540 et
262 1483 293 1541 in
307 1502 356 1541 ora
370 1481 411 1540 sni
424 1480 487 1539 libri
509 1479 636 1558 posuerat
649 1480 825 1538 Lambinus:
848 1479 892 1539 sed
905 1502 1000 1559 aerugo
1012 1495 1040 1541 et
1058 1482 1103 1543 t'a·

74 1583 165 1641 ruitae
175 1582 315 1641 Gebhardi
330 1581 423 1639 noluit
436 1582 511 1638 hunc
523 1580 623 1637 ducem
636 1577 724 1657 sequi.

117 1682 191 1758 Cap.
206 1679 306 1737 xxviii.
328 1679 388 1736 Non
407 1676 482 1735 vaiet
501 1689 601 1735 rantum
620 1676 732 1747 ammos,
746 1692 776 1735 ur
789 1675 907 1755 seipsum
929 1677 978 1756 ipse
996 1677 1102 1755 viden]

76 1780 124 1840 Ita
143 1778 204 1857 port
217 1776 379 1835 Viitorium
392 1774 556 1833 Gebhardus
570 1796 577 1831 :
600 1773 645 1831 sed
659 1775 754 1851 inepta
767 1773 850 1831 lebtio
864 1776 941 1831 estet
959 1775 1105 1837 lutulenta.

78 1874 175 1933 Codex
188 1883 254 1931 tuus
267 1872 395 1948 scriptus,
408 1883 439 1928 ut
447 1868 558 1949 ser'psum
571 1866 671 1926 videor.
712 1868 838 1945 corrige,
850 1878 880 1925 ut
894 1866 943 1927 SE
955 1868 1047 1927 IPSE
1060 1871 1106 1929 vi·

80 1969 152 2031 dent.
193 1969 357 2029 Geminatio
370 1968 400 2025 in
412 1968 498 2025 MSS.
512 1976 578 2025 nata
588 1964 626 2023 eti
638 1986 657 2025 a
668 1966 799 2025 varietate
813 1966 949 2027 lestionir.

118 2067 194 2125 Ibid.
218 2066 325 2125 Globum
345 2062 656 2123 terra—duabus
674 2062 724 2121 oris
738 2062 891 2139 dssantibus
904 2064 1106 2133 habitabilem

77 2164 186 2234 cultum
200 2160 418 2243 quammultae,
429 2180 509 2241 quam
521 2180 564 2219 nor
578 2159 716 2231 irrcolimus,
726 2160 781 2237 sub
801 2182 850 2221 aar
865 2165 946 2243 postia
966 2164 1005 2225 ad
1011 2166 1105 2242 stellas

68 2259 179 2339 fiprcnr,
192 2258 259 2317 unde

200 2388 319 2405 -—-
329 2356 436 2436 borr‘ffer

199 2456 333 2537 Aquilonis
335 2455 434 2539 stridor
441 2454 543 2535 gelriias
557 2456 659 2515 molitur
671 2454 771 2532 nium]

79 2549 169 2609 Resie
184 2559 215 2608 tu
229 2552 353 2629 quidem,
368 2573 452 2630 quem
468 2552 517 2611 aiii
530 2572 619 2611 unurn
633 2553 821 2613 Trochaicum
834 2553 966 2623 fecerant,
986 2556 1016 2615 in
1029 2556 1107 2619 sena·

79 2650 135 2706 rios
155 2646 334 2726 dispertitum
355 2648 405 2706 etse
418 2632 538 2721 voiuisii,
550 2649 662 2709 auitore
674 2650 833 2711 Censorino.
875 2653 961 2713 Quod
975 2663 1003 2713 et
1014 2676 1030 2713 e
1043 2656 1108 2715 No-

80 2748 129 2805 nio
142 2746 242 2805 elicere
253 2748 394 2829 potuisses,
407 2749 457 2827 qui
471 2770 506 2807 ex
519 2749 603 2809 Aocii
616 2750 769 2811 Philotteta
777 2752 814 2811 fic
826 2751 906 2823 citat,
923 2751 992 2813 UBI
1003 2752 1108 2831 horrifer

80 2844 218 2924 Aquilonis
232 2849 284 2903 tec.
299 2843 344 2904 sed
359 2846 436 2905 aliud
450 2846 530 2905 restat
543 2844 646 2923 major,
663 2848 739 2924 quod
757 2858 785 2905 et
805 2848 908 2925 priores
921 2868 1016 2907 omnen
1033 2858 1063 2907 et
1079 2859 1109 2907 te

82 2938 170 3015 sugit.
210 2938 286 2997 Illud
303 2940 379 2997 enim
399 2940 586 3019 contemplare
599 2942 693 2998 modo.
735 2939 792 2999 Sub
811 2961 862 2999 aar
875 2944 957 3019 prfita
969 2941 1008 3001 ad
1014 2941 1108 3018 stellas

69 3038 177 3117 septem.
220 3038 291 3105 Qui,
303 3037 421 3107 obsecro,
435 3040 582 3096 verborum
594 3038 680 3095 ordo?
703 3057 768 3113 qure
780 3049 874 3097 autern
888 3039 1012 3097 locutio?
1040 3040 1109 3099 Cer·

81 3146 109 3191 te
131 3135 185 3189 hoc
206 3151 262 3190 non
283 3133 365 3190 habet
385 3132 506 3191 indolem
521 3131 711 3191 Ciceroniana
730 3130 872 3192 disiionir.
912 3134 1060 3193 Nimirum
1079 3146 1110 3194 et

79 3228 140 3286 haec
154 3248 267 3307 quoque
279 3228 362 3287 Accii
377 3231 460 3287 rerba
474 3228 546 3297 sunt,
565 3248 623 3287 non
643 3228 752 3287 Tullii:
775 3238 803 3287 et
821 3230 858 3289 sic
871 3230 948 3289 loeus
961 3228 999 3289 est
1012 3229 1109 3287 distin·

79 3324 219 3402 guendus,
233 3333 260 3380 et
274 3324 308 3381 ad
329 3342 381 3401 par
391 3307 561 3383 'lamborum
575 3324 760 3403 redigendus:
787 3326 903 3403 Quarum
924 3324 1017 3395 altera,
1031 3342 1110 3405 quam

79 3441 124 3478 uos
137 3420 277 3489 incolimus,

177 3530 230 3579 Sub
242 3545 287 3579 aze
299 3531 374 3593 posita
385 3532 415 3579 ad
426 3530 503 3580 stellas
513 3531 613 3595 septem,
624 3532 689 3581 uude
698 3530 797 3581 horn'ser

178 3611 305 3673 Aquiloni’
316 3612 398 3659 stridor
408 3612 497 3675 gelidas
508 3612 607 3661 molitur
618 3613 693 3663 niver.

122 3707 199 3765 Ibid.
223 3706 323 3765 Caelum
335 3707 486 3779 mitescere,
498 3707 599 3768 arbores
602 3706 771 3789 jiondestere,

209 3802 245 3861 V
236 3817 281 3861 rtes
294 3802 435 3873 iaetiscere,
442 3803 570 3883 pampinis
579 3804 648 3883 pube
658 3825 721 3873 cere,

205 3898 285 3956 Romi
300 3896 436 3957 baccorum
449 3899 564 3958 ubertate
575 3896 768 3977 incurvfirre]

80 3998 128 4055 Ex
140 3994 223 4052 tibris
238 3994 346 4075 scriptis
367 3998 397 4053 hi
414 3998 529 4075 nitescere
547 3997 689 4067 exhibent,
704 3998 744 4055 itti
759 3997 889 4073 mitescere.
930 3994 1009 4054 Prius
1023 3996 1052 4053 in
1066 4014 1113 4055 ve·

81 4092 164 4151 tostis
178 4092 347 4153 editionibus
362 4092 504 4165 insederat,
517 4094 649 4175 posteriue
664 4095 762 4173 arripit
775 4092 947 4156 Gebhardua.
989 4092 1058 4153 Quo
1071 4106 1114 4153 ta·
