2817 4859
257 327 317 392 ,ω
460 305 652 372 ruscun.
676 293 1067 371 nrsrunnrrortmr

258 473 346 562 erite,
363 469 560 546 ulciscendi
579 469 725 546 libido?
753 487 816 544 aut
839 492 1060 568 quemquam
1084 463 1290 566 poeniteret,

260 573 361 670 quod
385 569 523 645 fecisset
538 595 603 670 per
626 569 743 645 iram?
770 588 812 642 ut
828 571 1077 642 Alexandrum
1095 589 1218 664 regern
1234 563 1290 637 via

259 673 398 756 demus,
431 669 495 767 qui
529 693 616 743 cum
647 669 879 742 interemisset
908 669 1052 741 Clitum
1079 665 1290 738 familiarem
1397 719 1398 764 p

259 770 375 854 suum,
394 767 457 842 virt
473 795 495 842 a
511 768 546 842 se
562 793 687 842 manus
703 767 894 842 abstinuit:
920 783 1019 840 tanta
1036 767 1088 840 vis
1114 763 1183 838 suit
1199 787 1289 874 *poe-

259 868 412 944 nitendi.
463 866 608 943 Quibus
641 865 807 966 cognitis,
839 867 919 964 quis
953 868 1005 939 est
1037 862 1100 963 qui
1135 859 1292 948 dubitet,
1397 895 1398 944 3

259 967 349 1066 quin
375 966 435 1042 hic
460 992 606 1066 quoque
632 987 751 1042 motus
777 965 887 1040 animi
912 965 958 1038 stt
978 981 1075 1038 totus
1099 959 1290 1062 opinabilis
1397 963 1398 1032 3

258 1087 302 1142 ac
324 1064 576 1142 voluntarius?
612 1064 692 1163 quis
720 1065 817 1139 enim
844 1063 1029 1154 dubitarit,
1055 1063 1144 1164 quin
1174 1087 1289 1174 aegro·

147 1213 153 1231 ·
258 1165 410 1240 tationes
425 1165 547 1252 animi,
567 1164 681 1264 qualis
698 1165 751 1238 est
775 1163 932 1256 avaritia,
949 1162 1073 1263 gloriae
1098 1161 1291 1261 cupiditas,
1397 1231 1398 1262 ᾗ

258 1290 305 1340 ex
330 1291 374 1338 eo
398 1266 499 1363 quod
523 1264 645 1363 magni
661 1263 857 1338 aestimetur
872 1289 914 1338 ea
931 1288 983 1338 res
1001 1287 1048 1336 ert
1062 1285 1135 1361 qua
1150 1259 1293 1334 animus
1397 1291 1398 1358 p

258 1383 422 1462 aegrotat,
447 1363 636 1438 oriantur?
664 1365 761 1438 unde
787 1362 940 1462 intelligi
965 1364 1084 1452 debet,
1102 1362 1290 1461 perturba-

257 1461 395 1536 tionem
420 1487 567 1561 quoque
591 1487 737 1538 omnem
755 1461 825 1537 esse
842 1463 879 1536 in
897 1461 1078 1560 opinione.
1130 1461 1180 1534 Et
1195 1459 1225 1532 fi
1244 1460 1289 1534 fi-

258 1562 391 1651 dentia,
409 1561 447 1635 id
471 1563 534 1653 est,
561 1562 667 1636 firma
687 1561 797 1636 inimi
828 1561 993 1652 confisro,
1017 1558 1163 1636 scientia
1189 1583 1288 1656 quae-

257 1663 342 1736 dsm
358 1663 462 1736 estet
478 1661 602 1760 opinio
618 1660 747 1760 gravis,
764 1675 868 1736 Pnon
886 1679 1019 1735 temere
1044 1657 1286 1744 assentientis;

256 1759 492 1834 *diffidentia
522 1787 666 1872 quoque
698 1761 751 1834 est
779 1779 895 1834 metus
924 1760 991 1834 exs
1034 1759 1121 1833 sisti
1153 1776 1190 1832 et
1220 1757 1291 1832 im-

256 1859 445 1960 pendentis
470 1862 581 1933 malr:
621 1861 722 1950 et,si
751 1860 826 1959 spes
854 1861 906 1933 est
933 1856 1155 2030 expediatio
1186 1855 1288 1943 boni,

257 1959 342 2032 mali
367 1959 672 2057 exspeslationem
696 1959 767 2032 effe
793 1961 930 2034 necesse
956 1984 974 2032 e
1029 1976 1179 2030 metum.
1234 1956 1288 2030 Ut

256 2055 369 2156 igitur
384 2075 512 2147 metus,
528 2057 578 2130 fic
595 2057 744 2156 reliquae
758 2057 1040 2157 perturbationes
1057 2057 1138 2130 sunt
1156 2054 1195 2128 in
1215 2071 1287 2129 nr'a·

256 2157 318 2229 lo:
354 2181 441 2256 ergo
466 2173 509 2230 ut
537 2156 745 2248 constantia,
776 2156 945 2244 scientias,
972 2157 1022 2230 fic
1053 2153 1290 2255 perturbatio,

256 2255 381 2330 erroris
404 2257 467 2330 est.
519 2254 593 2330 Qui
619 2274 741 2331 autem
770 2275 892 2331 natura
916 2256 1086 2330 dicuntur
1112 2253 1289 2343 iracundi,

255 2374 318 2428 sut
343 2353 600 2446 misericordes,
629 2373 691 2430 aut
718 2355 845 2442 invidi,
874 2374 936 2430 aut
963 2357 1031 2428 tale
1062 2353 1153 2466 quid
1167 2384 1178 2438 ;
1213 2355 1288 2427 'eis

256 2454 339 2527 sunt
365 2454 549 2528 constituti
574 2455 673 2551 quast
698 2457 791 2528 mala
807 2455 1010 2528 valetudine
1025 2451 1159 2540 anrmi;
1189 2454 1287 2526 sana·

256 2553 346 2627 biles
368 2571 512 2629 tamen:
538 2571 580 2628 ut
601 2555 754 2650 Socratis
777 2551 921 2630 dicitur.
972 2553 1093 2626 ⁸Cum
1118 2554 1236 2627 multa
1251 2551 1287 2626 in

253 2854 342 2912 uren
377 2826 453 2924 quos
477 2847 561 2924 pune
594 2856 743 2926 repugnat.
830 2847 911 2906 rurs
924 2841 990 2923 stim
1015 2847 1216 2922 castrias-ar
1237 2847 1288 2908 s>

253 2928 346 3004 Igitur
358 2929 378 2984 fi
392 2947 449 2985 non
466 2947 567 2997 meus,
580 2930 633 2987 bac
645 2938 742 2986 tamen
791 2929 874 2986 cratis
887 2927 994 3003 dictim]
1016 2929 1061 2988 Sic
1071 2938 1232 3005 opportune
1239 2930 1287 2988 ct.

252 3008 284 3066 in
302 3029 331 3066 re
352 3007 504 3067 luscitiosus
517 3009 545 3086 J
562 3010 607 3065 M.
628 3008 742 3076 Brutus,
791 3008 946 3066 Bentleius:
969 3029 1036 3074 narn
1051 3010 1159 3068 codices
1171 3011 1288 3076 habeut,

252 3088 366 3226 pigent
386 3088 676 3227 iipffiiiniitffi‘di
692 3089 754 3148 ille·
789 3087 881 3226 eitsunt
893 3089 1086 3165 eufimii-ut
1103 3091 1234 3150 Socrates
1245 3089 1296 3152 tsi-¹

263 3190 278 3228 e
309 3187 447 3226 rononrn
498 3189 542 3226 re
593 3211 601 3227 .
790 3189 867 3230 crur.

293 3256 308 3297 Ρ
340 3249 402 3307 Non
433 3189 528 3306 temeri
554 3247 739 3324 assentientis]
830 3258 840 3287 ¹
863 3250 929 3310 Cam
945 3251 1028 3308 multe
1047 3250 1074 3308 in
1093 3263 1226 3310 wantum
1242 3251 1296 3310 ‹si-1

250 3327 518 3408 Vulgo,4ffanticns;
538 3340 741 3406 contraquam
791 3330 830 3389 tia
855 3329 985 3410 collegffr
1017 3332 1044 3388 in
1069 3351 1127 3390 eum
1153 3331 1285 3411 Zopyrus]

250 3409 351 3470 volunt
381 3410 570 3468 Gebhardiani
601 3409 742 3488 nostrique
790 3413 853 3470 Pari
873 3411 929 3470 sere
943 3413 1026 3470 modo
1041 3411 1139 3490 probra
1161 3413 1299 3490 quadam.

249 3492 368 3550 codices.
628 3552 631 3556 ,
790 3492 818 3550 in
831 3513 887 3552 cum
898 3492 1075 3571 aeplarranrem
1089 3507 1114 3552 ct
1126 3494 1200 3552 vr'tr'a
1214 3493 1292 3552 dixit

287 3581 303 3622 ⁴1
322 3567 481 3646 Diffidentia
494 3589 590 3651 quoqne
607 3572 642 3648 est
659 3586 741 3643 mnus
789 3574 891 3632 Amru.
917 3572 1112 3642 Marcellinus,
1139 3574 1202 3633 xxi.
1221 3593 1298 3638 ,10.:

247 3652 384 3733 exspcslati
399 3667 442 3724 vet
473 3653 634 3730 impendentis
661 3654 738 3728 111111]
789 3653 842 3711 lsie
863 3653 966 3712 scilicet
986 3656 1212 3731 physiognomon
1221 3655 1287 3730 stu·

247 3735 295 3794 sie
314 3744 343 3793 et
361 3733 464 3792 Latine
482 3735 613 3810 loquetur
630 3735 740 3805 Cinero,
782 3733 875 3814 pidum
886 3733 933 3812 effe
947 3733 1076 3793 Sacram
1095 3734 1165 3794 dicit
1183 3750 1210 3794 ee
1224 3735 1288 3794 tw

248 3824 277 3871 et
290 3813 363 3876 inter
372 3812 513 3887 fidentiam
526 3823 555 3872 et
572 3811 741 3890 diffidmoam
789 3811 993 3872 dum-addidit
1014 3815 1094 3873 etiam
1116 3815 1288 3895 melioraſsem.

248 3891 402 3954 servabitur
434 3895 580 3976 opposrtio,
634 3895 740 3972 Vulgo,
789 3895 883 3954 Verba
895 3893 960 3956 sunt
970 3895 1062 3954 Tullii
1074 3896 1108 3953 de
1123 3897 1207 3967 Fato,
1221 3915 1285 3973 esp.

134 4033 137 4036 ,
247 3971 345 4031 Metus
356 3977 502 4054 quoqucast
519 3975 674 4034 diffidentia
692 3995 739 4035 ex-
788 3989 819 4054 5.
840 3975 890 4032 ubi
909 3975 972 4033 vide
995 3978 1174 4054 interpretes.
1216 3978 1294 4036 Huc.

236 4048 557 4136 spedaiaimpmdemis
567 4056 739 4136 malit-inep-
788 4055 962 4115 referendum
985 4058 1106 4126 videtur,
1126 4059 1204 4135 quod
1225 4067 1282 4116 tra-

246 4131 355 4192 tisiime.
426 4218 429 4223 Ι
656 4189 660 4195 .
786 4137 831 4196 dit
849 4135 991 4218 Diogenes
1016 4139 1159 4210 Lartius,
1182 4136 1291 4295 11114151
