2817 4859
272 384 333 450 πω
478 380 669 444 Tuscvt.
691 380 1082 445 DISPUTATIONUM

269 548 424 641 qnorum
441 544 551 615 'mena
582 540 750 615 abhorret
780 566 802 615 a
833 541 980 632 ratione,
1014 540 1150 640 iemper
1164 540 1296 641 'aliqui

268 642 347 715 talia
377 659 492 715 terror
524 638 720 739 impendet.
785 644 905 737 Atque
932 658 975 713 ut
1006 640 1100 713 Yhae
1132 640 1299 717 tabificae

268 739 397 813 mentis
424 737 706 838 perturbationes
731 738 822 825 suut,
856 738 1108 838 aegritudinem
1140 740 1225 813 dico
1261 762 1301 815 et

268 856 430 917 metum:
456 838 507 910 fic
526 838 705 911 hilariores
722 836 808 926 illae,
833 836 1008 937 cupiditas
1028 838 1132 912 aride
1156 840 1299 953 semper

267 936 404 1034 aliquid
426 954 608 1035 expetens,
624 954 661 1011 et
684 936 798 1012 inania
822 938 993 1028 alacritas,
1021 936 1059 1010 id
1083 938 1147 1026 est,
1170 940 1300 1014 latitia

268 1036 432 1135 gestiens,
461 1062 534 1108 non
559 1038 713 1109 multum
742 1034 913 1111 differunt
943 1037 987 1110 ab
1017 1037 1180 1115 amentia.
1235 1038 1300 1113 Ex

267 1162 344 1233 quo
363 1133 585 1232 intelligitur,
602 1135 716 1232 qualis
739 1133 800 1209 ille
822 1135 878 1225 fit,
896 1150 1032 1233 ²quem
1060 1148 1139 1208 tum
1165 1140 1297 1211 mode.

267 1232 496 1323 ratum,·alias
511 1235 725 1325 modestum,
743 1251 1011 1333 temperantem,
1028 1234 1109 1307 alias
1126 1236 1297 1311 constan·

266 1352 353 1422 tem,
380 1331 695 1430 continentemque
721 1332 901 1406 dicimusz
927 1358 1184 1431 nonnunquam
1208 1332 1294 1411 haec

266 1434 390 1513 eadem
406 1432 583 1505 vocabula
602 1434 671 1503 ‘ad
697 1430 931 1531 Frugalitatis,
949 1457 1093 1521 nomen,
1120 1451 1295 1531 tanquam

265 1531 311 1602 ad
336 1550 455 1627 caput,
474 1530 600 1602 referre
620 1532 798 1603 volumus.
849 1531 960 1605 Quod
985 1530 1050 1602 nifi
1076 1556 1119 1602 eo
1145 1532 1293 1605 nomine

264 1628 413 1701 virtutes
438 1630 716 1713 continerentur,
744 1654 927 1727 nunquam
958 1630 1007 1702 ita
1039 1632 1293 1729 pervulgatum

263 1724 355 1800 illud
372 1728 470 1811 effer,
486 1744 530 1799 nt
547 1726 622 1821 jam
638 1727 816 1824 proverbii
835 1730 957 1801 locum
980 1728 1169 1819 obtineret,
1187 1728 1291 1802 bomi-

265 1852 336 1897 nem
353 1826 462 1925 Frugi
477 1826 581 1898 omnia
598 1834 684 1899 recle
693 1826 838 1924 facere.-
864 1828 962 1923 quod
980 1828 1074 1899 idem
1092 1852 1176 1899 cum
1195 1826 1292 1901 Stoi·

265 1925 299 1999 ci
318 1926 363 1999 de
380 1924 543 2023 Sapiente
560 1924 698 2015 dicunt,
718 1925 821 1999 nimis
837 1924 1089 2001 admirabiliter
1113 1926 1292 2027 nimisque

264 2024 456 2121 magnifice
473 2024 590 2097 dicere
606 2024 783 2097 videntur.

313 2122 435 2195 XVII.
460 2120 477 2167 ι’
494 2122 592 2219 Ergo
609 2121 683 2210 hic,
699 2120 860 2221 quisquis
877 2122 940 2211 est,
957 2122 1020 2219 qui
1044 2120 1292 2217 moderatione

263 2234 300 2293 et
316 2219 513 2294 constantia
529 2218 668 2317 quietus
688 2222 809 2293 animo
834 2221 897 2312 est,
916 2220 1055 2321 sibique
1073 2222 1144 2321 ipse
1166 2222 1289 2320 placa-

263 2338 347 2404 tus3
378 2336 420 2392 nt
448 2342 514 2392 nec
542 2319 697 2393 tabescat
727 2318 909 2404 molestiis,
935 2346 1001 2394 nec
1030 2321 1104 2392 fran
1153 2338 1212 2392 tur
1240 2320 1291 2393 ti-

262 2443 375 2509 more,
393 2443 458 2493 nec
474 2416 631 2491 sitienter
651 2419 740 2515 quid
766 2436 934 2527 expetens
961 2421 1081 2495 ardeat
1129 2417 1289 2506 esrderio,

262 2542 330 2591 nec
346 2518 522 2590 alacritate
545 2514 638 2588 futili
665 2517 817 2613 gestiens
840 2515 1080 2613 deliquescat;
1106 2519 1136 2590 is
1153 2519 1205 2591 est
1221 2519 1288 2591 Sa·

260 2614 373 2713 piena,
391 2638 499 2711 quem
516 2611 723 2711 quaerimus,
738 2616 766 2687 is
783 2615 834 2687 est
851 2617 997 2699 beatum
1023 2616 1082 2688 cui
1108 2615 1199 2689 nihil
1216 2617 1287 2692 hu-

260 2738 444 2785 manarum
468 2736 585 2785 rerum
612 2730 674 2784 aut
700 2712 921 2786 intolerabile
946 2717 990 2787 ad
1021 2713 1287 2789 demittendum

259 2812 433 2903 animum,
457 2828 518 2883 aut
543 2810 647 2883 nimis
672 2810 828 2885 laetabile
853 2814 903 2891 ad
922 2813 1145 2887 efferendum
1170 2814 1288 2888 videri

309 2911 387 2984 test.
438 2908 538 2985 Quid
567 2910 664 2982 enim
688 2909 850 2983 videatur
867 2910 899 2984 ei
924 2936 1095 3013 magnum
1119 2912 1156 2983 in
1179 2914 1289 2989 rebus

286 3010 453 3085 omanis?
495 3006 556 3095 cui
589 3006 762 3082 aeternitas
793 3011 908 3084 omnis
944 3009 1122 3109 totiusque
1155 3011 1283 3085 mundi

297 3245 389 3305 ’He
405 3244 518 3319 tab'ficae
536 3246 624 3303 meu
643 3260 745 3323 Μισ-
793 3260 842 3305 tem
856 3246 943 3323 (quod
964 3258 992 3305 et
1012 3247 1183 3307 interlineas
1198 3248 1286 3307 inter·

258 3325 450 3404 hdomssm]
473 3328 582 3385 laudat
591 3326 704 3387 Nonius
715 3328 745 3385 in
792 3329 861 3385 durn
875 3326 921 3398 fit)
932 3338 1053 3404 quatuor
1067 3318 1127 3386 illaa'
1137 3348 1218 3387 vocer
1228 3330 1286 3387 im·

259 3406 435 3482 Tabrficabile.
791 3410 880 3485 perite
892 3409 988 3467 Tullio
1002 3410 1161 3467 tribuerunt
1173 3410 1285 3486 posteri.

297 3497 312 3527 ⁸
334 3489 415 3564 Quem
427 3498 483 3545 tun
496 3485 661 3558 mderatum
675 3487 745 3547 aliar
791 3488 899 3547 Locum
915 3489 1003 3564 igitur
1014 3492 1049 3547 fic
1063 3490 1126 3567 lego
1138 3510 1212 3567 queat
1225 3510 1285 3547 crta

256 3569 421 3633 modestum,
456 3582 643 3646 temperantem,
673 3568 743 3627 aliae
792 3567 946 3627 madrariam
960 3580 1021 3627 tum
1034 3584 1286 3647 temperaturam·

255 3648 435 3716 contheam,
453 3649 662 3727 mammemque
679 3648 745 3706 dici-
792 3650 957 3729 tinentemqua
968 3648 1084 3708 didatus.
1108 3650 1167 3709 Adi
1179 3650 1230 3709 lib.
1240 3651 1284 3711 iii.

256 3728 328 3805 nter]
345 3730 413 3788 Non
424 3728 524 3785 dubito
534 3729 604 3804 quin
615 3728 745 3787 aliarmo·
791 3746 853 3806 cap.
868 3730 896 3787 8.

254 3808 359 3885 defluam
372 3809 441 3867 alias
458 3809 608 3883 mfiamm
626 3810 682 3866 lruc
699 3810 745 3867 in·
831 3806 903 3867 ‘Ad
910 3808 1084 3886 Frugaliton's
1092 3807 1194 3885 mmm]
1208 3810 1283 3869 Vide

255 3889 379 3949 ferseriut
405 3889 521 3948 librarii.
568 3888 644 3946 Cum
665 3890 743 3948 enirn
792 3908 857 3967 quae
865 3888 990 3948 diximus
1003 3890 1100 3948 adlib.
1116 3890 1157 3947 iii.
1171 3909 1234 3968 dap.
1250 3890 1281 3953 8.

253 3969 414 4027 exadversus
446 3968 611 4036 moderatam
644 3979 743 4028 notata
831 3968 940 4047 bargo
959 3970 1016 4043 hic,
1035 3970 1144 4049 quisquis
1162 3970 1211 4054 ss]
1234 3970 1284 4027 Sic

254 4051 333 4105 varia
346 4048 472 4119 leelione,
483 4048 646 4128 scripserant
665 4051 741 4127 prio·
790 4048 864 4129 Reg.
879 4052 1019 4109 l'ithoean.
1032 4064 1060 4108 et
1074 4050 1155 4118 Med.
1175 4050 1284 4130 Vulgo,

253 4146 296 4187 rea
307 4127 349 4185 als
367 4130 498 4206 wdestum
509 4154 518 4201 ς
538 4138 566 4188 et
581 4126 742 4189 exadvetsua
789 4148 848 4211 ergo
861 4131 894 4203 ir,
908 4130 1019 4213 qudquis
1031 4130 1075 4209 (st.

252 4210 740 4289 temperantemsrmilitesalscoqlan·
867 4208 869 4215 '
