2817 4859
282 380 338 453 ιιι
487 365 680 436 Tuscus.
704 344 1091 436 orsrurusrouurr

279 557 370 624 rum,
396 559 549 633 quorum
574 533 738 633 procedit
760 559 860 608 mora
885 535 931 606 ad
958 526 1096 621 tibiatis,
1113 523 1180 606 nec
1203 527 1309 608 a'dlri·

279 634 384 707 betur
409 636 481 708 ulla
509 635 594 708 fine·
610 633 793 732 anapaestis
819 634 970 731 pedibus
996 631 1167 726 hortatio)
1195 635 1306 708 nostri

278 732 454 808 exercitus
471 734 627 831 primunr
642 734 738 805 unde
756 757 886 807 nornen
906 731 1072 817 habeant,
1088 730 1188 804 vides
1205 760 1214 804 :
1243 735 1307 805 de-

278 830 361 905 inde
379 831 441 930 qui
458 834 571 917 labor,
585 846 605 878 ¹²
615 849 652 904 et
667 849 821 928 quantus
837 829 1000 928 agminis,
1019 830 1109 902 ferre
1126 830 1307 927 plus1‘di⁴

277 929 415 1006 midiati
441 933 564 1004 menfis
591 929 748 1014 cibaria
775 929 922 1021 ferre‚s1
943 929 1034 1028 quid
1053 930 1100 1001 ad
1120 929 1225 1002 usum
1241 957 1306 1003 ve·

278 1029 346 1105 lint
363 1058 371 1103 ι
399 1031 488 1102 ferre
503 1030 665 1102 vallum?
694 1055 776 1104 narn
795 1029 948 1116 scutum,
964 1027 1138 1126 gladium,
1153 1031 1307 1126 galeam,

274 1129 313 1202 in
339 1151 444 1202 onere
469 1129 578 1201 nostri
601 1125 730 1200 milites
757 1153 831 1201 non
858 1129 939 1226 plus
968 1144 1166 1216 numerant,
1195 1150 1304 1224 quarn

276 1226 456 1318 humeros,
472 1229 633 1314 lacertos,
651 1249 798 1300 manusc
824 1251 921 1299 arnis
936 1225 1044 1314 enim,
1061 1228 1222 1300 membra
1236 1229 1304 1302 rni-

275 1325 347 1398 litis
364 1327 432 1400 effe
449 1325 575 1399 dicunt
591 1357 601 1412 ;
627 1341 734 1425 lquae
759 1326 907 1423 quidem
930 1325 980 1430 its
994 1343 1123 1422 gerunt
1138 1341 1233 1423 apte,
1249 1347 1303 1410 ut,

273 1423 404 1499 fiusus
431 1425 530 1514 ferat,
556 1426 704 1522 abjeuis
731 1425 911 1516 oneribus,
932 1424 1107 1522 expeditis
1132 1423 1237 1496 armis
1263 1444 1304 1498 ut

272 1522 442 1599 membris
465 1550 622 1623 pugnare
648 1525 792 1623 poffint.
843 1523 944 1600 Quid
966 1521 1172 1597 exerciiatio
1188 1525 1301 1620 legio*

274 1625 388 1696 num?
416 1624 506 1722 quid
530 1623 590 1697 ille
616 1624 747 1707 cursus,
766 1623 970 1713 concursus,
991 1623 1150 1707 clamor3
1176 1623 1301 1719 quanti

272 1721 402 1796 laboris
419 1725 496 1796 est?
541 1723 599 1796 Ex
626 1723 694 1797 hoc
722 1721 780 1795 ille
806 1722 943 1795 animus
962 1720 998 1793 in
1015 1720 1147 1820 praeliis
1163 1740 1302 1818 paratus

271 1823 317 1893 ad
336 1822 490 1896 vulnera.
542 1823 674 1896 Adduc
692 1819 767 1920 pari
783 1819 902 1894 animo
918 1818 1188 1894 inexercitatum
1204 1819 1301 1893 mili-

271 1935 371 1998 tem:
400 1921 527 1994 mulier
548 1919 743 1994 videbitur.
792 1921 899 1993 Ζ(ἷιιι
921 1937 1062 1992 tanturn
1086 1919 1230 1992 interest
1246 1921 1299 1991 in-

270 2037 324 2093 ter
350 2045 483 2092 novum
509 2037 545 2090 et
560 2039 716 2092 veterem
737 2017 947 2106 exercitum,
966 2036 1139 2116 quantum
1162 2017 1298 2115 experti

269 2117 421 2190 sumus?
483 2118 587 2190 AEtas
620 2117 778 2192 tironum
808 2118 1017 2216 plerumque
1050 2115 1199 2190 melior:
1241 2117 1298 2190 sed

268 2215 360 2290 ferre
384 2216 555 2306 laborem,
572 2236 799 2292 contemnere
823 2219 967 2306 vuln'us,
987 2215 1207 2291 consuetudo
1236 2213 1299 2288 do-
1400 2218 1401 2227 ’

269 2315 339 2388 cet.
391 2316 490 2390 Quin
513 2315 620 2390 etiarn
638 2316 798 2390 videmus
819 2341 865 2390 ex
881 2312 956 2390 acie
977 2312 1097 2388 efferri
1113 2313 1203 2412 saepe
1222 2314 1298 2388 sau-

268 2413 369 2490 cios:
409 2433 445 2488 et
478 2417 626 2512 quidem
654 2418 779 2489 rudem
810 2413 914 2488 illurn
946 2432 984 2488 ct
1013 2412 1298 2503 inexercitatum,

267 2513 431 2610 quamvis
448 2514 518 2586 levi
546 2516 635 2600 iclu,
660 2517 818 2611 ploratus
841 2513 1055 2611 turpiffirnos
1078 2515 1194 2586 edere.
1249 2515 1299 2586 At

267 2637 353 2706 vero
377 2611 437 2683 ille
466 2612 677 2685 exercitatus
700 2630 867 2702 etvetus,
886 2615 933 2686 ob
956 2637 1033 2685 eam
1062 2637 1105 2684 ue
1130 2637 1206 2684 rem
1224 2612 1297 2686 for-

193 2705 195 2712 ’
267 2709 349 2800 rior,
365 2707 572 2785 ²medicu1n
588 2713 697 2786 modo
713 2711 893 2810 requirens
907 2736 929 2784 a
944 2737 1018 2809 quo
1033 2738 1056 2783 o
1081 2708 1229 2810 ligetur,

265 2929 302 2972 ue
322 2911 445 2978 mullis
465 2911 567 2988 quibus
582 2909 647 2970 vide
666 2913 698 2970 sis
712 2913 758 2971 A·
843 2920 859 2963 5
891 2915 965 2987 Qua
989 2911 1090 2991 quidem
1122 2912 1162 2969 ita
1194 2920 1296 2988 genunt

265 2994 417 3062 thenaeum,
434 2993 483 3050 lib.
498 2994 549 3052 xii.
563 3006 591 3069 p.
607 3005 675 3070 517.
697 2993 757 3053 xiv.
803 3005 881 3072 apte:
902 2994 977 3061 ut,s1
998 2993 1061 3050 usus
1081 2991 1167 3065 serat]
1187 2994 1296 3068 Vulgo,

265 3092 294 3148 p.
307 3074 375 3139 626,
390 3073 458 3150 62¹7.
472 3073 514 3130 ed.
526 3073 618 3150 bugd.
640 3075 679 3131 Α.
689 3075 758 3136 Gel·
803 3072 995 3151 Quaquidenr
1013 3074 1054 3131 ita
1072 3084 1206 3150 geruntur
1221 3087 1296 3150 apte,
1331 3147 1334 3150 ἢ

264 3151 345 3216 lium,
365 3153 413 3210 lib.
429 3153 449 3210 i.
469 3173 495 3210 c.
512 3170 558 3212 ιι.
591 3153 756 3212 Maximum
802 3165 845 3223 nt,
848 3155 879 3231 fi
886 3154 946 3230 risus
959 3153 1030 3211 foret
1042 3157 1095 3212 &o
1135 3154 1293 3212 Sodlocunr

263 3233 395 3309 Tyrium,
412 3231 482 3290 Dill.
502 3233 608 3292 xxxvii.
627 3235 656 3291 6.
690 3235 757 3291 Plu·
804 3233 876 3292 roste
901 3235 1044 3293 constituit
1069 3234 1117 3292 Cl.
1140 3234 1293 3292 Beullcius.

263 3314 404 3382 lecchum,
417 3321 485 3370 torn.
500 3311 528 3369 ii.
542 3333 572 3390 p.
583 3313 652 3390 458.
667 3332 754 3388 1140.
803 3315 886 3372 Certe
898 3327 1004 3392 gnum,
1021 3333 1079 3372 non
1098 3327 1237 3390 geruntur,
1257 3312 1293 3370 est

262 3395 306 3452 ed.
321 3393 382 3450 Par.
403 3393 524 3468 denique
543 3393 700 3452 Lucienurn
720 3394 756 3452 (le
803 3395 834 3452 in
854 3395 956 3454 Eliens.
970 3415 1013 3472 pr.
1028 3405 1057 3452 et
1069 3396 1184 3453 alteram
1199 3404 1295 3452 mute-

259 3474 361 3538 Sallal.
376 3484 445 3531 torn.
461 3471 479 3532 ἰ.
493 3493 522 3550 p.
538 3470 674 3550 κομι
802 3475 908 3534 tionem
937 3476 1058 3553 postulat
1071 3475 1237 3543 ⁴Latinitns,
1261 3484 1294 3532 ut

245 3593 249 3602 ,
302 3565 316 3594 ⁸¹
337 3555 374 3610 Et
388 3567 500 3631 quanm
509 3553 635 3630 agminis]
657 3555 755 3632 Vulgo
800 3557 886 3615 eliam
901 3556 1058 3616 Lambinus
1071 3557 1153 3616 vidit.

260 3633 487 3712 conjunclionern
503 3635 642 3693 nesciunt:
665 3655 752 3712 quarn
840 3645 855 3674 ⁸
876 3635 1045 3694 &ertum
1056 3635 1168 3714 interest]
1187 3636 1296 3712 Vulgo,

260 3737 311 3776 nos
330 3715 384 3774 fide
401 3713 504 3774 codicis
524 3715 627 3774 Ellens.
644 3717 753 3774 addidi·
803 3717 888 3776 Cur?
919 3719 1033 3775 Tantum
1051 3718 1160 3794 interest.
1192 3716 1291 3775 Male:

261 3817 334 3862 mus.
800 3799 877 3874 quod
893 3798 940 3857 Cl.
956 3798 1098 3857 Bentleius
1119 3797 1294 3856 animadver-

301 3887 315 3914 ¹
346 3874 487 3936 Dimidiati
510 3872 610 3952 menfis]
641 3877 687 3935 De
710 3878 752 3935 lo-
799 3877 855 3935 tit:
877 3899 927 3937 nec
947 3877 1153 3938 distiuffionenr
1171 3879 1245 3955 Reg.
1264 3884 1292 3933 et

185 4007 188 4014 .
260 3958 363 4036 quendi
378 3959 461 4016 modo
474 3958 512 4014 A.
527 3955 646 4025 Gellius,
660 3957 750 4018 N.A.
799 3960 878 4017 Med.
893 3960 1055 4036 agnoscunt.

259 4037 307 4096 lib.
324 4036 402 4094 iiic.
418 4057 463 4110 14.
490 4037 534 4096 De
548 4035 673 4096 militurn
686 4057 752 4096 vero
839 4048 852 4076 ¹
876 4038 1011 4097 Medimni
1034 4037 1105 4097 modo
1130 4032 1286 4115 requirens]

258 4119 454 4177 Romaeromm
467 4117 751 4193 fasceJ.Fr.Grono·
798 4120 852 4177 Ait
871 4120 987 4178 Ursinus
1008 4121 1039 4177 in
1061 4119 1110 4178 suo
1132 4121 1213 4178 MSS.
1233 4116 1289 4191 legi

258 4200 320 4256 vius
338 4198 373 4254 ad
390 4196 484 4257 Taciti
504 4198 538 4256 de
559 4199 642 4270 Mon,
652 4199 749 4262 Germ.
799 4199 913 4278 requirit,
936 4204 1012 4276 quod
1038 4203 1137 4258 melius
1163 4217 1288 4277 pronun·

258 4299 283 4338 c.
297 4295 346 4354 30.
797 4282 864 4340 ciat.
877 4281 996 4347 Fallitur
1004 4282 1133 4354 οπιιιίιιος
1149 4275 1286 4377 namuur-

1205 4377 1285 4433 ragis
