2817 4859
342 356 403 415 AD
423 354 594 416 TUSCUL.
614 354 952 421 DISPUTATIONES.
1106 378 1166 444 417

123 532 242 604 cadum,
257 553 323 612 quae
343 544 451 597 mturre
471 538 604 596 humm
624 536 802 597 inbecillita
819 558 837 599 e
857 538 883 597 so
903 537 1047 606 defendere
1067 550 1095 599 et
1115 542 1165 601 de·

123 632 226 707 pellere
240 648 298 691 troo
316 636 414 711 potest.
453 635 585 704 Oridioe,
603 634 676 693 rau.
690 636 711 695 i.
726 654 754 695 r.
772 652 840 715 299.
858 639 893 695 de
905 638 1094 699 Astronomiie
1115 641 1162 698 iu·

124 730 287 787 vectoribus
300 731 427 809 loquere,
437 742 576 809 tanquam
589 732 672 810 sopra
682 735 830 793 mortalem
844 735 1034 795 conditionem
1048 734 1162 807 eredis,

222 861 341 912 Credibile
351 866 385 911 eli
395 864 450 913 illos
460 867 546 927 pariter
556 863 663 930 vitiisque
675 863 767 931 locisque

316 944 398 998 Ateus
407 946 508 993 manti
518 946 643 995 exlemtffe
653 956 735 1007 ceput.

120 1060 216 1139 Atqui
229 1062 283 1119 hoc
296 1062 356 1121 loco
365 1081 424 1120 nou
436 1062 471 1122 de
485 1060 668 1119 mediocu'bm
680 1068 709 1119 et
724 1058 897 1138 ignoscendis
911 1058 987 1119 vitiis
996 1059 1161 1120 Ciceronem

119 1158 201 1237 loqui
216 1160 396 1219 manifestum
410 1160 468 1219 eli:
491 1160 557 1218 hinc
571 1158 648 1218 enim
662 1158 825 1219 mortalium
840 1160 1006 1239 turpiffimoe
1021 1169 1048 1217 et
1063 1169 1160 1218 conta·

119 1256 315 1317 minatiffimos
328 1258 419 1335 ponit,
432 1257 512 1315 illinc
526 1256 683 1316 caliiffimoe
698 1256 949 1335 sandillrmosqum
972 1276 1093 1336 quorum
1109 1259 1159 1315 hor

118 1354 154 1413 ed
167 1356 283 1413 deorum
298 1355 371 1413 sedes
386 1354 462 1415 tedia
475 1356 515 1413 ire
531 1354 592 1433 poti
604 1364 737 1421 mortem,
753 1354 815 1413 illos
829 1354 882 1413 iter
894 1355 1012 1415 devium
1026 1354 1159 1433 capessere

117 1450 238 1509 abeatii
252 1450 358 1511 fotmus
372 1473 460 1531 quam
472 1453 597 1511 maxime
609 1451 759 1511 diversum.
787 1452 864 1531 Lego
875 1452 972 1531 igitur,
986 1454 1061 1531 quod
1071 1470 1158 1532 prox·

117 1546 175 1606 ime
195 1550 231 1608 ad
251 1551 386 1609 librorum
408 1551 575 1631 scripturam
589 1552 700 1611 ridetur
718 1550 844 1609 accedere
866 1568 1051 1610 ruueuruuo
1072 1551 1158 1623 vitiis,

115 1665 175 1723 quo
189 1648 314 1727 epitheto
326 1650 465 1707 Horatiue
479 1650 569 1709 noster
581 1646 647 1708 usus
660 1649 698 1706 est
709 1649 836 1709 Sermon.
849 1648 880 1708 ii.
894 1668 923 1724 4.
940 1668 970 1709 v.
987 1649 1035 1726 76.

213 1779 314 1829 Imm
323 1782 358 1832 eti
367 1780 451 1829 uitium
462 1779 518 1831 dure
528 1778 607 1829 millii
617 1788 685 1829 terne
695 1778 811 1829 mucello.

112 1888 187 1951 Mox
201 1895 275 1973 lego,
290 1896 390 1973 uuest
400 1911 463 1955 totos
476 1900 529 1956 tic.
567 1896 639 1955 Nou
653 1896 731 1954 enim
745 1894 864 1963 eosdem,
878 1894 923 1953 sed
936 1894 1055 1955 diversor
1071 1895 1155 1957 intel·

111 1991 197 2068 ligit3
219 1994 333 2071 priorei,
353 1994 505 2064 sceleratae,
523 1994 680 2063 fraudibor,
700 1993 818 2072 capitii,
838 1993 961 2053 oedibue
985 1993 1153 2070 grassantem

110 2091 283 2167 posteriores,
296 2094 479 2171 voluptarioe,
489 2093 541 2169 qui
553 2092 645 2151 ventri
663 2102 692 2151 et
710 2092 787 2170 gulre
798 2104 827 2151 et
839 2092 1003 2153 libidinibus
1017 2092 1152 2157 serviunt.

109 2189 197 2250 Certe
210 2191 271 2248 brec
282 2192 354 2251 vitia
366 2192 577 2269 quodammodo
588 2191 729 2250 mniraria
748 2190 822 2259 sunt,
836 2210 887 2249 nec
906 2190 989 2251 focile
1007 2193 1037 2249 iu
1058 2212 1150 2255 uuum

109 2289 289 2367 eundemque
309 2291 455 2349 homiuem
474 2291 589 2349 mduut.
632 2290 709 2366 Lege
729 2289 830 2347 deinde
849 2308 1059 2349 oeurutesuur
1082 2310 1150 2353 cum

108 2384 240 2445 victorio
259 2395 289 2447 et
307 2388 401 2446 codice
413 2406 451 2447 ex
464 2388 522 2447 tuie
542 2386 668 2457 meliore,
680 2387 756 2463 quod
768 2396 797 2445 et
811 2386 857 2445 hic
877 2396 906 2445 et
919 2386 991 2465 saepr
1005 2388 1073 2447 eliae
1087 2410 1149 2467 per·

108 2502 209 2560 peram
222 2484 389 2543 immutarit
402 2484 577 2544 Gebhardue.
617 2482 719 2543 Dedere
731 2484 807 2543 euim
823 2482 915 2561 majus
935 2484 1004 2561 quid
1018 2493 1046 2543 et
1065 2484 1150 2561 signi·

106 2582 240 2643 ficautiue
252 2594 344 2659 notat,
356 2606 445 2664 qoam
464 2586 530 2645 dare
538 2610 547 2658 3
569 2606 622 2665 pro
633 2585 748 2664 captivo
761 2585 788 2645 se
806 2586 922 2652 tradere,
936 2585 966 2643 iu
986 2584 1148 2645 servitutem

106 2679 243 2750 addicere,
258 2680 430 2759 mancipare.
468 2680 663 2741 confirmatur
674 2684 728 2739 hoc
740 2692 816 2741 etex
836 2673 1052 2758 adjunctorum
1071 2680 1147 2743 dedi*

104 2772 216 2855 AEffmt:
236 2778 274 2836 fic
288 2778 391 2836 Noster
403 2778 438 2837 de
449 2779 583 2855 Legibus,
596 2779 626 2837 ii.
642 2796 671 2837 o.
692 2780 813 2857 Proque
827 2780 899 2845 mori,
913 2789 937 2837 et
950 2779 993 2837 cui
1011 2800 1053 2839 nus
1073 2790 1148 2840 totos

104 2872 205 2930 dedere
226 2872 353 2935 dumus.
393 2875 442 2934 Ad
467 2877 610 2945 Atticum,
629 2876 669 2935 ix.
689 2894 721 2949 4.
754 2874 809 2933 Sed
826 2888 921 2943 tamen,
942 2894 973 2933 ne
992 2894 1031 2933 me
1052 2884 1146 2933 totum

104 2968 259 3047 egritudini
276 2971 389 3042 deducu,
399 2970 482 3052 [νηί
492 2969 556 3029 nihi
568 2969 692 3050 quosdam
706 2980 834 3049 tanquam
848 2964 954 3037 &timi
985 2968 1102 3030 Tuscul.
1117 2990 1145 3029 r.
1196 2998 1204 3015 ·

103 3084 155 3144 ³9·
198 3066 272 3125 Huic
287 3067 398 3146 discendi
409 3068 589 3149 querendique
600 3066 702 3125 divine
715 3065 871 3125 deliciatum
884 3076 945 3125 toto
954 3066 988 3144 se
1000 3066 1085 3127 animo
1097 3069 1146 3127 de-

103 3163 253 3236 didill'eut3
268 3167 316 3223 ubi
329 3166 432 3225 iterum
442 3174 539 3225 contra
549 3164 711 3223 Vidiorium
723 3172 752 3223 et
765 3174 829 3223 tuos
843 3164 951 3223 codices
961 3164 1144 3224 Gebhardum

101 3259 224 3338 sequeris
236 3262 310 3319 mole
328 3261 544 3340 interpolantem
556 3260 687 3341 dediffinr.
728 3262 862 3339 Sequitur
881 3262 1020 3338 deinceps,
1043 3260 1145 3339 Quibus

100 3360 205 3429 cecati,
220 3361 299 3419 velut
316 3359 453 3437 &mesticis
473 3361 649 3441 vitiis-arque
659 3358 778 3437 flagitiis
795 3360 829 3439 se
848 3359 1068 3439 inquinaviffiut:
1090 3360 1143 3421 hoc

100 3455 259 3537 eliquidus
273 3459 319 3517 seu
331 3458 486 3526 sceleribuo,
501 3460 556 3517 tire
569 3457 732 3517 libidinibus
754 3460 836 3533 (uam
856 3458 893 3515 ud
914 3466 1066 3535 utrumque
1085 3458 1139 3515 boc

99 3554 233 3627 refertur)
253 3555 328 3615 velut
340 3555 498 3614 domesticis
508 3554 587 3613 ritiie
602 3551 663 3613 &a
704 3554 796 3623 Quid,
810 3555 930 3623 malum,
944 3554 1014 3615 illud
1033 3553 1139 3613 vetate

100 3670 139 3710 an
159 3650 269 3721 seelera,
282 3652 402 3723 frioda,
416 3653 523 3732 rupium
541 3650 608 3711 sunt
624 3650 756 3727 domestica
770 3651 862 3710 vitia?
884 3650 974 3709 immo
993 3670 1057 3708 voro
1077 3650 1138 3711 hec
1158 3714 1161 3719 ,

100 3767 135 3813 ut
147 3753 291 3831 disjuntta
303 3766 333 3814 et
351 3755 492 3833 disparata
512 3762 666 3833 porruutur.
706 3753 785 3831 Lego
805 3772 872 3831 ergo
891 3752 1023 3812 leriffima
1043 3762 1142 3820 muta·⁸

99 3852 190 3923 tione,
206 3870 266 3911 vet.
279 3850 544 3929 domsticisstagr'tiis,
556 3850 600 3909 rel
614 3848 758 3929 republica
771 3848 906 3911 violanda.
946 3847 1065 3924 Alioqui
1081 3846 1138 3913 im·¹
1186 3866 1191 3877 ·

97 3950 196 4026 pedite
209 3950 320 4028 prorsus
332 3950 421 4011 oratio
431 3950 480 4017 est,
493 3968 584 4025 neque
595 3948 705 4008 exitum
721 3948 770 4007 fibi
784 3947 894 4026 reperit.
935 3946 1006 4005 Hiec
1017 3944 1139 4023 quidem.

96 4048 272 4116 emendatio,
290 4061 446 4126 utcumque
465 4044 515 4103 fiat
534 4046 652 4114 oaeterie,
664 4046 749 4121 louge
762 4041 908 4102 certillima
927 4040 974 4110 est,
989 4038 1034 4097 sed
1058 4040 1138 4122 eliud¹

98 4144 171 4223 quid
190 4145 277 4206 etiem
296 4144 387 4206 restat.
428 4144 501 4203 Vide
518 4143 595 4225 euim
614 4141 696 4207 illud,
710 4138 817 4215 Quibus
840 4140 915 4197 vitiis
937 4152 962 4196 et
985 4136 1134 4219 libidirrihur

666 4258 713 4297 ee
