2817 4859
258 342 298 404 88
469 343 661 404 TUSCUL.
685 334 1073 403 DISPUTATIONUM

257 499 335 576 loeis
358 515 463 574 morte
485 502 658 602 migretur.
709 500 936 590 eromobreon,
950 501 1032 594 five
1042 499 1158 594 forfice
1180 500 1300 571 entin-

253 601 387 700 guitur,
413 603 556 712 morsque
581 600 611 674 ei
629 603 744 693 somno
759 598 880 696 ſsmilis
906 601 948 692 ql
973 599 1032 698 qui
1058 623 1297 697 nommnquane

257 699 356 772 etiam
368 701 444 794 fine
458 701 740 794 vofisfhmniorum
751 698 998 797 placatifflmam
1014 697 1155 796 quietem
1168 699 1307 794 offert‚'

256 798 294 871 dl
310 795 411 870 boni!
480 799 517 871 id
531 797 615 870 lueri
632 799 675 890 est
691 798 790 871 emori
803 801 823 870 l
846 812 909 870 aut
923 822 1021 898 quam
1036 793 1134 868 multi
1145 796 1217 868 dies
1230 799 1294 867 ri-

251 895 358 994 periri
371 825 511 994 pfflnt,
528 897 585 996 qui
604 893 667 972 tali
682 898 769 970 nolti
783 897 1057 992 anteponantur?
1090 896 1173 966 ‘leui
1182 897 1221 987 st
1233 897 1294 988 fi-

256 994 342 1067 milis
353 998 481 1092 sutura
498 997 757 1092 estperpetuitas
773 995 872 1068 omnis
889 994 1106 1093 oorffequentir
1121 995 1293 1090 temporis,

255 1095 330 1193 quis
346 1121 395 1166 me
411 1092 567 1166 beatior?
619 1094 678 1167 Sin
692 1120 779 1166 vero
781 1097 868 1188 sunt
882 1121 956 1192 quae
970 1094 1140 1182 dicuntur,
1156 1093 1292 1192 migra-

256 1194 372 1266 tionem
390 1193 449 1288 effe
465 1210 609 1280 mortem,
626 1193 662 1265 in
687 1219 743 1265 eas
759 1220 847 1282 oras,
872 1219 957 1291 quar
970 1193 1030 1290 qui
1046 1219 1064 1263 e
1085 1192 1164 1262 vita
1180 1196 1291 1283 exces-

241 1294 363 1386 serunt
378 1289 545 1378 incolunt3
572 1292 610 1363 td
623 1289 724 1363 multo
736 1296 813 1390 jam
829 1292 957 1364 beotius
973 1294 1028 1383 est.
1078 1304 1089 1336 ¹
1107 1290 1196 1362 Tene
1212 1317 1292 1362 enm

156 1461 163 1473 ,
256 1389 300 1462 ab
316 1390 366 1462 his
381 1390 483 1489 quise
489 1391 642 1490 judicum
658 1417 789 1462 nurnero
806 1391 923 1464 lioberi
937 1389 1057 1462 volunt
1072 1389 1228 1482 evaseris,
1242 1390 1297 1460 ad

256 1515 309 1560 eos
321 1489 437 1562 venire
449 1490 506 1589 qui
520 1489 741 1588 verejudiees
756 1487 962 1585 appellentur
975 1521 986 1574 ;
1012 1488 1171 1578 nomm,
1188 1487 1291 1559 Rha-

256 1587 482 1674 damanthum,
516 1589 676 1675 AEaeum‚
707 1587 976 1686 Triptolemum?
1016 1587 1293 1686 ‘convmireque

257 1711 322 1774 eos,
336 1687 396 1797 qni
402 1688 490 1784 juste
507 1703 540 1759 et
557 1715 628 1760 cum
634 1685 712 1776 fide
726 1687 906 1758 vixerint?
952 1687 1040 1759 Haee
1056 1685 1292 1785 peregrinatio

257 1785 426 1858 mediocris
442 1785 536 1859 vobis
552 1785 663 1858 videri
679 1785 816 1884 potest?
865 1795 875 1830 ²
897 1787 945 1856 Ut
959 1813 1041 1856 vero
1058 1781 1198 1884 colloqui
1213 1811 1291 1856 eron

260 1883 401 1979 Orpheo,
426 1885 562 1976 Mesua,
584 1885 741 1973 Homero,
767 1884 909 1978 Hefiodo
932 1883 1049 1973 liceat,
1068 1881 1187 1982 quanti
1207 1898 1291 1954 tan-

255 1981 327 2052 dem
355 1982 552 2072 aestimetis?
602 1981 767 2080 Equidem
782 1985 876 2082 sape
901 1983 1000 2054 emori
1021 1985 1058 2076 ſs
1074 1982 1159 2072 fieri
1210 1983 1293 2078 effet

256 2076 399 2164 melleum
425 2096 463 2151 nt
480 2107 518 2152 eo
534 2107 609 2180 quae
625 2083 696 2152 ilico
714 2081 792 2152 milei
813 2080 928 2154 liceret
949 2081 1112 2153 invenire.
1167 2001 1245 2169 Aina
1270 2128 1288 2140 -

257 2193 293 2248 to
310 2176 523 2252 deleilotione
539 2195 648 2252 antem
664 2179 816 2271 afficerer
829 2183 855 2250 ?·
883 2207 954 2252 cnm
972 2177 1195 2269 Palamedem,
1214 2206 1291 2250 eum

256 2277 408 2374 offocent,
434 2305 504 2350 cnm
528 2275 623 2360 alios,
641 2277 789 2376 ujudicio
814 2278 923 2378 iniquo
949 2279 1188 2351 circumventor
1207 2305 1288 2348 con-

256 2376 415 2448 venirem.
468 2377 646 2448 Tentarern
671 2377 769 2449 etiam
783 2378 906 2469 flammi
929 2379 1029 2475 regis,
1046 2377 1105 2474 qni
1129 2376 1290 2448 manimas

256 2475 363 2570 copies
391 2475 486 2546 demit
510 2476 559 2546 ad
583 2475 731 2572 Trojano,
758 2491 792 2546 et
822 2473 910 2548 Ulixi
935 2476 1118 2586 Sfiqbique
1137 2476 1291 2572 pruden-

258 2571 349 2644 tiam.
402 2573 476 2643 Neo
497 2571 536 2643 ob
553 2597 623 2642 eam
639 2599 719 2662 rem,
738 2599 809 2644 eum
825 2573 896 2646 lraee
912 2601 1111 2675 exquirerem
1123 2575 1217 2667 stent
1232 2573 1290 2647 loia

296 2777 310 2816 ¹1
334 2768 384 2826 Cni
406 2769 425 2825 fi
437 2769 546 2848 ſsmilis]
571 2769 668 2828 Media
692 2791 746 2830 vox
794 2795 836 2842 ες,
856 2779 1181 2832 ΕΝΘΎΜΟΥΜΕΝΟΣ
1202 2770 1292 2848 ἡδέως

256 2849 342 2926 vulgo
355 2849 434 2908 deest.
471 2843 636 2908 Emenda'tio
654 2852 691 2909 est
712 2853 747 2909 il·
794 2850 951 2926 ἀπολὺεθας
971 2855 1019 2913 roi
1040 2854 1096 2935 ζῇν
1123 2851 1155 2912 δι’
1175 2851 1291 2922 ἐλπὶδος

255 2930 346 2987 lustris
361 2931 580 3008 Bentleii,quam
591 2931 688 2990 diserte
699 2932 746 2991 fir·
793 2931 851 3012 γὰρ
874 2931 951 3013 ἔχειν
970 2931 1141 3012 σνγγενὲθαῃ
1161 2932 1216 2992 roir
1235 2936 1292 3013 μὲν

258 3021 317 3066 mat
332 3011 432 3068 Eliens.
445 3021 507 3070 tert.
796 3013 886 3086 σοφῶν
904 3013 1073 3092 Πυθαγόρᾳ,
1087 3013 1142 3071 roir
1156 3013 1184 3072 δὲ
1201 3015 1294 3094 i5oqr·

297 3090 404 3146 'Tene
422 3111 477 3148 eum
491 3089 526 3148 ob
539 3089 592 3167 iis]
614 3093 659 3151 Sic
673 3093 745 3170 Reg.
795 3094 849 3150 noi-r
863 3090 1004 3170 Ἑκαταίῳ
1025 3099 1076 3153 διο.
1098 3095 1148 3152 ubi
1169 3095 1241 3152 mire
1263 3096 1291 3152 tir

255 3169 361 3244 Vulgo,
377 3184 409 3226 te.
795 3173 952 3250 fatigarunt
975 3175 1035 3250 Jac.
1065 3175 1226 3233 Perizonius
1259 3187 1292 3234 et

296 3259 306 3286 ⁵
330 3249 516 3328 Convenireque
531 3251 583 3326 eos]
607 3254 635 3309 A
654 3253 746 3310 Plato-
794 3255 891 3330 Joach.
919 3255 1061 3312 Knhoius.
1101 3256 1170 3331 Leg.
1199 3251 1292 3332 ἔλεγε

257 3329 301 3386 nis
314 3329 417 3387 Graecis
432 3330 559 3388 nonnihil
576 3332 634 3388 abit
648 3333 745 3391 noster.
792 3329 857 3409 πρὸς
871 3332 919 3402 mie
937 3332 1029 3402 oiueiee
1043 3331 1212 3392 ἈΘΤΜΟΥ
1213 3339 1291 3392 ME·

256 3409 343 3466 Haud
356 3411 579 3487 tamen'legerim
600 3411 747 3490 heronmque
794 3419 907 3483 ΝΟΤΣ,
941 3411 1023 3487 ἡδέως
1052 3409 1209 3490 anritemo
1239 3415 1292 3474 τοῦ

255 3508 303 3554 eos,
318 3491 392 3566 quod
406 3490 590 3550 timidiuscule
604 3493 746 3570 proposuit
796 3493 854 3573 ζῇν.
895 3495 1075 3553 Familiarilms
1094 3495 1199 3553 alseliie
1214 3515 1293 3554 moe·

255 3571 284 3645 J.
311 3571 342 3628 F.
376 3571 533 3628 Gronovius
568 3575 603 3630 ad
637 3574 746 3632 Senecae
795 3594 854 3631 rore
874 3573 951 3644 dixit,
963 3576 994 3652 se
1015 3577 1074 3633 vita
1093 3595 1142 3633 non
1162 3574 1292 3633 illibenter

241 3651 342 3708 Herc.
358 3651 468 3708 Furent.
483 3650 520 3709 vs·
536 3667 606 3728 744·
640 3685 645 3692 ’
794 3655 917 3713 exedere.
957 3657 1002 3714 Sic
1025 3658 1111 3734 plana
1130 3654 1205 3714 fiunt
1223 3675 1290 3716 om·

297 3731 305 3766 ⁸
330 3731 364 3788 Ut
376 3751 437 3789 vero
450 3730 554 3808 colloqui
572 3752 628 3790 eum
649 3733 746 3811 Orpheo
794 3735 851 3793 nia.

256 3809 325 3884 δία]
350 3813 452 3869 Eadem
469 3811 592 3869 Cercidae
611 3813 666 3870 fuit
684 3815 745 3889 opi·
834 3826 850 3854 ¹¹
868 3815 976 3889 Judioio
985 3817 1097 3895 iniquo]
1119 3819 1226 3892 Vulgo,
1237 3817 1292 3874 ini·

257 3890 315 3944 nio.
346 3891 488 3960 AElianus,
509 3893 545 3948 V.
558 3893 599 3948 H.
619 3893 665 3948 lib.
685 3895 746 3952 xiii.
794 3915 908 3973 quorum.
930 3898 1289 3961 SedrelieClAEentleiuu

255 3986 281 4021 c.
298 3985 345 4024 20.
374 3969 453 4047 Ἀνὴρ
466 3968 704 4049 Μεγαλοπολίτης
718 3973 747 4049 ἐξ
795 3995 861 4032 nam
876 3977 954 4035 Plato
967 3979 1050 4038 habet
1065 3975 1110 4037 ore
1126 3975 1213 4057 upton
1229 3973 1290 4038 otte-

238 4041 412 4120 r’Apnooiiom,
436 4049 574 4130 Κεςχιδᾶς
597 4043 694 4130 ὄνῡμα,
712 4050 747 4110 oi·
796 4075 851 4114 nor.

256 4123 418 4201 oro-itionum
432 4125 515 4209 ἔλεγε
530 4125 592 4212 nqis
607 4129 654 4200 τὰς
672 4129 746 4191 rinei·
