2817 4859
271 371 329 438 174
477 355 669 418 TUSCUL.
693 349 1079 417 DISPUTATIONUM

268 516 396 615 opibus
414 533 448 590 et
464 516 611 606 viribus,
627 533 669 589 ut
689 516 887 614 nosmetipsi
914 514 1016 588 nobis
1036 514 1168 588 mederi
1184 517 1315 614 poffi-

267 641 359 704 mus,
392 617 646 690 elaborandum
678 617 742 689 est.
805 617 1021 710 Quanquam
1052 618 1097 686 de
1132 616 1314 691 universa

265 714 502 813 philosophia,
520 731 654 810 quanto
670 739 776 810 opere
792 727 849 786 ¹et
863 716 1061 811 expetenda
1076 714 1162 787 esset
1178 731 1215 787 et
1232 741 1312 788 co-

265 813 384 903 lenda,
411 814 489 886 satis
519 833 559 886 ut
589 811 740 884 arbitror
767 812 906 885 diclunr
937 810 1054 883 estin
1083 813 1309 888 Hortensio.

266 912 325 986 De
350 913 514 986 maximis
547 931 664 983 aurem
699 913 802 984 rebus
831 911 923 982 nihil
947 910 1018 982 fere
1044 909 1311 986 intermisimus

265 1011 387 1108 postea
412 1037 476 1083 nec
503 1009 678 1107 disputare
704 1035 770 1083 nec
788 1009 960 1082 scribere:
987 1009 1042 1080 his
1058 1027 1178 1082 autern
1193 1009 1310 1086 libris

266 1110 426 1207 exposita
443 1111 522 1182 sunt
539 1135 592 1194 ea,
610 1131 688 1204 quae
709 1107 848 1181 anobis
865 1133 950 1180 cum
965 1104 1195 1182 familiaribus
1210 1111 1309 1182 nos-

266 1209 329 1280 tris
360 1209 396 1280 in
424 1207 628 1282 Tusculano
644 1224 759 1281 erant
785 1206 972 1304 disputata.
1023 1206 1092 1279 Sed
1123 1210 1307 1304 quoniam

268 1308 409 1382 duobus
427 1305 663 1405 superioribus
680 1309 725 1378 de
749 1327 863 1379 morte
888 1321 924 1377 et
940 1305 984 1376 de
1011 1307 1134 1378 dolore
1151 1307 1307 1383 didlurn

265 1407 318 1480 est
334 1439 343 1490 ;
372 1404 495 1480 tertius
520 1406 593 1477 dies
617 1404 862 1503 disputationis
877 1406 947 1476 hoc
962 1404 1108 1477 tertium
1122 1407 1304 1478 volumen

266 1505 412 1580 efficiet.
464 1505 519 1576 Ut
543 1502 639 1576 enim
664 1505 700 1576 in
719 1502 950 1577 Academiam
975 1504 1127 1576 nostram
1145 1503 1304 1576 descen-

265 1604 396 1692 dimus,
411 1603 580 1676 inclinato
591 1601 665 1696 jam
679 1601 716 1674 in
731 1600 1044 1700 postmeridianum
1060 1620 1199 1700 tempus
1212 1604 1302 1688 die;

265 1702 414 1800 poposci
439 1725 563 1775 eorum
588 1701 758 1798 aliquem,
783 1702 847 1797 qui
875 1702 1031 1790 aderant,
1061 1703 1202 1774 causam
1223 1701 1302 1774 dis·

266 1801 428 1876 serendi:
456 1819 533 1874 turn
551 1825 602 1872 res
619 1801 699 1873 adia
715 1801 765 1873 fic
783 1801 845 1872 est„

318 1903 383 1973 IV.
424 1901 470 1973 A.
498 1898 649 1973 Videtur
682 1897 773 1972 mihi
804 1901 928 1971 cadere
961 1899 998 1970 in
1027 1899 1218 1996 sapientem
1243 1925 1301 1972 ae-

267 2000 424 2097 gritudo.
484 1997 542 2068 M.
570 1999 670 2070 Num
699 1997 846 2094 reliquae
878 2022 1023 2107 quoque
1055 1998 1300 2094 perturbatio·

268 2121 331 2172 nes
354 2097 475 2184 animi,
501 2094 741 2183 ⁵forrnidines,
765 2095 944 2183 libidines,
967 2095 1186 2170 rracundiae?
1212 2098 1300 2171 haec

308 2315 376 2372 rEt
395 2311 532 2392 expetenda
551 2312 606 2388 ff?
629 2325 653 2370 et
676 2312 757 2371 τοῖαι-
803 2326 898 2372 rantur
911 2320 959 2371 aut
979 2311 1094 2370 libidine
1113 2321 1163 2370 ant
1183 2313 1299 2372 iracun-

268 2394 320 2472 da]
343 2397 388 2454 Sic
408 2397 481 2474 Reg.
509 2395 603 2471 Vulgo
615 2393 685 2452 deest
698 2394 756 2471 pri·
803 2395 860 2454 dia.
900 2395 939 2451 Et
958 2391 1041 2451 Offie.
1057 2393 1107 2451 lib.
1121 2394 1141 2450 ἱ.
1162 2413 1224 2472 cap.
1241 2411 1297 2454 ao.

269 2495 317 2534 nra
332 2497 395 2534 vox.
808 2472 955 2533 Vacandum
969 2488 1053 2530 autem
1072 2474 1106 2548 cst
1126 2475 1194 2532 omni
1214 2476 1301 2532 aerini

310 2555 501 2622 ’Formidinen
515 2553 639 2619 libidines,
653 2554 756 2610 iracun-
798 2551 998 2632 perturbatione,
1018 2567 1072 2610 lum
1092 2555 1245 2631 cupiditate
1269 2569 1300 2613 et

268 2633 336 2709 dire]
373 2635 455 2692 MSS.
482 2634 592 2690 summo
624 2633 755 2691 consensu
805 2649 883 2700 metu,
893 2649 948 2691 tum
960 2635 1036 2691 etiam
1045 2633 1300 2710 ‹egritudinem-
1345 2655 1358 2682 ο

269 2715 342 2772 hanc
374 2713 521 2772 ledlionem
549 2712 755 2790 repraesentant.
803 2714 1202 2792 luptateaninri,cliracundia.
1235 2716 1301 2773 lte·

268 2794 405 2854 Postrema
420 2803 514 2852 tamen
528 2813 581 2851 vox
599 2793 756 2869 interpreti·
804 2815 867 2852 rum
887 2813 949 2870 cap.
967 2794 1046 2852 xxix.
1076 2795 1150 2853 Licet
1171 2815 1218 2852 ora
1237 2796 1300 2873 ipsa

268 2876 321 2933 bus
334 2877 407 2934 haud
427 2875 542 2951 placuit,
556 2875 631 2950 quod
645 2874 756 2930 iracun-
803 2893 902 2932 cernere
921 2875 1067 2942 iratorum,
1079 2888 1127 2933 out
1138 2895 1232 2940 eorum.
1246 2877 1299 2953 qui

268 2956 346 3014 diam
364 2955 474 3014 libidini
494 2952 621 3030 subjiciat
636 2955 753 3012 Cicero:
804 2954 919 3012 libidine
937 2954 1026 3033 aliquo
1039 2968 1086 3012 aut
1098 2969 1167 3013 mu
1177 2957 1300 3012 maeoti

269 3038 345 3110 quod
360 3056 425 3094 curn
439 3055 474 3092 ex
488 3036 549 3092 aliis
564 3035 631 3092 locis
645 3043 706 3090 lum
721 3054 755 3090 ex
795 3034 870 3112 sunt.
912 3034 1137 3099 Quindilianus,
1157 3034 1252 3092 Instit.
1263 3055 1298 3094 v.

267 3115 351 3174 Tusc.
373 3117 422 3174 lib.
437 3116 474 3174 iv.
489 3135 514 3172 c.
530 3129 557 3190 7.
579 3113 756 3172 manifestum
805 3115 834 3174 8.
861 3113 1299 3192 Siforuquidsadumimvd

274 3195 316 3254 est.
358 3196 432 3253 Cum
456 3196 549 3271 itaque
571 3204 689 3270 quatuor
702 3195 757 3252 sint
804 3193 936 3262 archavel
947 3195 1099 3273 cupiditate
1107 3193 1217 3253 dualem
1238 3195 1299 3252 lsr-

278 3277 494 3350 perturbationes,
520 3275 665 3349 aegritudo,
696 3293 756 3330 me·
804 3273 1008 3332 demetriis.
1028 3275 1298 3352 Audiendusigitur

279 3367 325 3425 us,
338 3356 434 3423 libido,
454 3365 481 3412 et
499 3353 645 3430 voluptas,
666 3352 755 3410 dostis
804 3375 860 3412 non
875 3354 912 3413 est
930 3355 974 3412 Fr.
990 3355 1141 3421 Fabricius,
1161 3355 1214 3431 qui
1232 3353 1299 3412 libi-

280 3435 336 3496 iris
349 3456 403 3494 non
418 3434 451 3492 fit
464 3432 593 3492 credibile
610 3435 756 3502 Nostrum,
802 3433 1078 3508 diner,jucrrnditatcs;
1092 3436 1182 3492 multo
1196 3446 1300 3494 autem

278 3517 446 3591 pretermissa
460 3523 568 3591 quarta,
582 3515 671 3572 tertiae
690 3533 755 3590 par·
803 3515 898 3574 minus
912 3516 951 3572 D.
964 3515 1130 3582 Lambinus,
1138 3517 1190 3591 qui
1203 3515 1297 3573 libidi-

278 3607 325 3656 tm
340 3595 471 3672 adjecisse.
497 3595 565 3653 Non
580 3605 672 3653 aulem
682 3593 757 3650 Tul·
802 3614 855 3664 nas,
878 3593 1027 3673 crepidilales
1051 3595 1197 3654 rescribit:
1223 3614 1295 3654 uam

277 3675 323 3738 liu
347 3678 397 3743 ait,
419 3677 444 3733 se
467 3677 684 3752 perturbationes
708 3673 756 3730 hic
803 3678 903 3733 borum
923 3679 1069 3734 verborum
1089 3677 1186 3733 eadem
1211 3677 1298 3753 plane

278 3753 386 3828 αἰριῖὥς
397 3753 555 3818 numerasse,
563 3756 678 3831 locaque
690 3753 755 3810 sunt
802 3755 841 3810 est
851 3755 977 3832 poteslas,
991 3756 1227 3832 quemadmodum
1240 3757 1296 3814 dr)-

278 3837 324 3895 al'u
349 3835 496 3916 gravissimi
520 3835 669 3911 scriptoris,
689 3853 755 3908 quae
801 3845 845 3892 cet
864 3837 964 3893 Noster
982 3836 1066 3901 infra,
1080 3856 1144 3912 cap.
1158 3837 1198 3895 xi.
1218 3855 1293 3913 qua·

276 3915 333 3974 sals
352 3918 497 3978 oflendunt
516 3934 573 3972 non
596 3916 647 3973 else
667 3933 718 3972 cur
737 3933 754 3969 a
802 3926 915 3992 propter
933 3915 993 3992 ejus
1011 3913 1170 3992 oonjedlura
1182 3917 1295 3984 morbo,

278 3997 408 4055 coricibus
423 3998 571 4055 recedatur.
600 3997 644 4055 Sic
657 3991 754 4068 hujus·
801 3995 885 4070 liqui
899 3998 942 4064 fit,
955 3997 1064 4056 nullam
1080 3995 1161 4055 affert
1175 3997 1296 4056 medici-

277 4092 307 4129 ce
322 4075 375 4132 lbri
388 4097 448 4153 cap.
463 4098 489 4135 v.
525 4076 610 4155 Fm'ffe
628 4096 660 4133 aa·
673 4075 755 4152 ροιςί·
803 4093 879 4132 narn.

277 4165 330 4210 rate
339 4154 443 4213 dicimus
457 4177 504 4225 eos,
517 4158 560 4234 qru'
578 4155 695 4230 (ffrerruti
705 4154 754 4238 se·
