2817 4859
263 320 327 398 33⁶
483 319 678 382 roscon.
699 303 1093 384 msromronoir

265 481 352 554 dam
367 477 569 570 mercatori,
584 481 687 577 quod
710 481 841 554 multas
856 504 964 556 naver
980 477 1017 552 in
1036 501 1184 554 omnem
1199 501 1301 552 oram

265 573 482 669 maritimam
498 577 697 664 dimifisset,
714 579 888 673 Nonsanr
903 575 1058 676 optabilis
1072 575 1204 676 quidem
1226 575 1303 669 ssa,

264 677 400 790 inquit,
427 676 623 750 rudentibus
650 692 732 774 apta
750 677 910 773 fortuna.
961 674 1022 750 An
1055 676 1209 750 dubium
1237 676 1304 764 est,

267 801 357 874 qum
382 777 473 849 nihil
498 775 544 850 srt
567 776 772 850 habendum
799 776 837 850 in
864 801 907 849 eo
935 797 1078 888 genere,
1099 789 1201 872 ‘iquo
1226 773 1305 847 vita

269 876 373 950 beata
389 875 603 974 completur,
619 875 648 948 fi
665 874 703 948 id
720 873 827 972 possit
846 874 963 948 amitti
979 876 992 948 i
1020 871 1113 948 nihil
1130 871 1228 948 enim
1245 870 1306 949 in-

268 975 491 1064 terarescere,
511 973 604 1048 nihil
631 972 825 1072 exstingui,
842 973 932 1046 nihil
956 975 1082 1048 cadere
1108 973 1219 1046 debet
1240 997 1306 1046 eo-

269 1098 365 1166 rum,
380 1075 418 1146 in
435 1071 566 1184 quibus
583 1073 658 1146 vita
679 1073 783 1146 beata
802 1072 985 1146 consrstit:
1014 1070 1178 1170 namqui
1193 1069 1305 1144 time·

270 1174 326 1248 bit
342 1198 387 1246 ne
401 1173 491 1270 qurd
505 1193 549 1246 ex
569 1169 623 1244 his
640 1172 824 1269 deperdat,
835 1172 959 1245 beatus
974 1170 1044 1244 effe
1062 1195 1136 1246 non
1152 1167 1307 1268 poterit:

269 1272 437 1346 volumus
453 1268 550 1342 enim
566 1295 662 1356 eum,
680 1269 746 1368 qui
763 1273 887 1344 beatus
911 1269 968 1358 sit,
986 1287 1104 1344 rutum
1120 1269 1234 1359 effe,‘¹
1246 1267 1307 1342 in-

270 1370 564 1468 expugnabilem,
596 1369 737 1467 septum
768 1387 803 1443 at
831 1395 877 1443 ue
909 1369 1090 1442 munitum
1102 1401 1114 1456 3
1152 1393 1230 1444 non
1264 1385 1308 1442 ut

296 1495 382 1542 arvo
405 1486 504 1542 metu
529 1469 701 1579 praeditus
727 1469 783 1554 fit,
804 1395 871 1542 iod
894 1485 936 1540 ut
957 1467 1072 1542 nullo.
1126 1467 1179 1539 Ut
1204 1467 1309 1542 enim

267 1495 444 1642 innocens
459 1568 488 1640 is
515 1564 661 1655 dicitur,
678 1592 752 1640 non
778 1566 842 1663 qui
864 1564 992 1640 leviter
1013 1569 1134 1656 no'cet,
1152 1565 1215 1640 sed
1237 1567 1307 1666 qui

271 1666 363 1740 nihil
388 1684 522 1741 nocet:
547 1667 594 1738 src
625 1668 695 1738 fine
725 1686 825 1740 metu
850 1663 879 1738 is
906 1663 1091 1740 habendus
1117 1666 1181 1754 est,
1206 1678 1308 1740 'non

271 1767 335 1862 qui
364 1789 490 1864 parum
522 1765 663 1854 metuit,
690 1764 751 1836 sed
781 1764 846 1862 qui
876 1764 1025 1838 omnino
1054 1781 1155 1840 metu
1185 1783 1306 1838 vacat.

274 1865 369 1938 Quae
394 1865 446 1938 est
474 1862 571 1937 enim
597 1861 666 1936 alia
693 1863 879 1952 fortitudo,
908 1861 974 1934 nifi
1002 1861 1112 1936 animi
1139 1862 1307 1954 afferftio,

272 1987 359 2038 rum
384 1961 424 2036 in
449 1964 615 2036 adeundo
637 1962 811 2059 periculo,
834 1980 871 2036 et
897 1959 934 2036 in
961 1963 1081 2034 labore
1109 1986 1150 2034 ac
1179 1963 1308 2036 dolore
1344 2014 1347 2022 ·

271 2063 422 2161 patiens,
439 2079 519 2134 tum
541 2061 669 2158 procul
696 2063 741 2136 ab
770 2059 867 2134 omni
895 2062 1021 2134 metui
1074 2061 1196 2158 Atque
1224 2061 1308 2138 haec

273 2179 371 2235 certe
386 2185 457 2233 non
476 2159 526 2234 ita
542 2159 576 2232 se
602 2161 786 2247 haberent,
804 2159 869 2232 nifi
892 2184 999 2234 omne
1023 2163 1161 2234 bonum
1178 2158 1217 2233 in
1235 2185 1310 2236 una

273 2260 456 2336 honestate
486 2257 704 2334 consisteret.
754 2255 831 2334 Qui
861 2277 983 2334 autem
1000 2257 1116 2334 illam
1147 2258 1308 2334 maxime

273 2529 341 2606 tigit
363 2527 546 2606 Philosophus
565 2525 765 2592 Chaemnenfir,
812 2545 891 2596 mens,
905 2527 997 2584 nemini
1009 2525 1107 2596 cedens,
1119 2543 1240 2586 raum
1256 2545 1309 2587 ιι-

273 2629 332 2670 non
347 2611 405 2686 ipse
417 2611 534 2686 Lunpir
547 2609 582 2665 de
601 2609 657 2664 suia
673 2607 764 2682 jaera·
814 2625 949 2666 vrcwrr.
981 2607 1054 2667 Vide
1073 2619 1101 2665 et
1119 2607 1170 2667 lib.
1185 2607 1230 2667 iii.
1242 2627 1308 2686 cap.

272 2690 316 2750 rit
333 2689 470 2760 navibus,
489 2689 536 2748 sed
555 2689 629 2746 aliua
647 2687 766 2764 quidam
814 2703 862 2746 aa.
884 2707 916 2746 ac
936 2689 1067 2748 Senecrm
1091 2687 1207 2746 devita
1227 2689 1326 2748 Bar.-

273 2771 369 2836 vimm
380 2769 490 2828 felicem
503 2769 681 2846 predicabat,
689 2769 765 2843 quod
812 2787 874 2846 cap.
897 2768 947 2826 vii.
984 2769 1066 2828 Adeo
1091 2777 1124 2828 ut
1148 2768 1199 2826 illa
1223 2768 1309 2828 lefflo

272 2860 334 2910 tarn
347 2851 452 2909 multas
464 2847 606 2929 poffideret
616 2848 764 2906 onerarias.
813 2859 872 2906 tam
894 2849 973 2906 rebus
993 2849 1069 2926 ipfis,
1088 2867 1175 2926 quam
1190 2848 1309 2908 cioem-

313 2939 329 2979 q
348 2933 412 3006 Qo
429 2934 490 2990 vita
504 2929 579 2988 beata
592 2929 762 3008 completur]
813 2930 898 2988 niano
906 2929 1038 3006 loquendi
1049 2929 1133 2986 modo
1142 2930 1230 3006 probe
1238 2949 1309 2987 con-

273 3011 320 3070 Sic
331 3013 440 3090 optime
453 3012 499 3070 01.
514 3011 665 3070 Bentleiur.
690 3009 764 3068 vul·
813 3010 916 3076 veniat,
924 3029 973 3068 nec
988 3007 1048 3068 ullo
1060 3011 1143 3068 modo
1153 3008 1310 3088 spernenda

274 3110 322 3168 go,
335 3093 512 3172 complcdirur.
812 3089 949 3149 videatur.

315 3171 575 3252 ‘Impugnobilerm
589 3170 699 3250 septum
720 3184 765 3228 ar·
854 3179 864 3208 ¹
886 3173 945 3228 Non
964 3171 1009 3247 qui
1028 3189 1129 3247 parum
1143 3170 1247 3241 meruit,
1257 3169 1312 3248 sed

272 3271 322 3330 qiu
335 3249 495 3325 munitum}
519 3252 674 3328 Areliquir
686 3251 764 3308 libris
813 3251 858 3330 qui
875 3252 972 3310 omnino
992 3263 1060 3310 metu
1076 3251 1173 3324 vacat]
1199 3251 1310 3328 Vulgo,

272 3333 766 3408 receduntMed.etBak.quidant,
807 3349 900 3410 parva
924 3332 1032 3402 notuit,
1061 3331 1141 3422 'unde
1171 3331 1308 3408 rescripfit

270 3411 765 3570 -ffi‘nff‘ssifmbssiffizffwfiif‘azffssss
813 3413 1312 3568 Efflfflsszsszresszpssz‘ta'sszssz

229 3617 234 3627 .
273 3575 333 3648 Qr'
359 3574 481 3633 invinius
499 3575 549 3652 stt,
570 3593 628 3631 eum
654 3593 694 3630 res
716 3571 765 3630 bn·
812 3584 902 3650 ceptro
922 3571 1035 3630 leeiioni
1052 3569 1236 3647 praeferenda,
1250 3591 1308 3649 qua

272 3675 364 3715 manas
382 3652 509 3732 despicere.
539 3654 629 3723 Infra,
638 3673 701 3732 cap.
719 3655 765 3712 18.
814 3654 885 3712 nihil
900 3651 970 3729 fingi
984 3653 1072 3732 potest
1085 3651 1244 3712 absurdius.
1264 3655 1307 3710 At

272 3742 314 3796 Ar
336 3755 381 3794 ms
401 3734 524 3794 virtutem
537 3734 638 3815 stopa
658 3733 766 3792 liberam
814 3753 865 3792 nos
876 3734 964 3810 ipsam
978 3733 1121 3792 Ciceronis
1132 3751 1253 3792 manum
1265 3751 1306 3790 re-

273 3817 402 3884 volamus,
425 3813 532 3892 semper
556 3833 766 3873 ruvrcrrrr-
811 3814 955 3872 duximus.
976 3815 1317 3890 Scripturacerte,quam.

271 3908 304 3956 ut
328 3897 403 3956 anila
429 3916 458 3954 rc
480 3914 593 3974 unquam
615 3905 765 3962 terreamur,
812 3895 922 3962 damus,
939 3894 1139 3972 oppofitionem
1158 3893 1233 3952 re&
1254 3891 1307 3964 ser·

274 3977 544 4052 rmrranoorfimo
559 3993 694 4034 nrrrcrr.
726 3977 765 4032 Et
812 3985 870 4042 vat,
896 3995 1014 4052 eamque
1040 3973 1171 4051 prostant
1193 3974 1305 4052 Bebrio,

273 4057 498 4116 lib.ii.deFin.
516 4075 578 4132 cap.
596 4075 642 4129 14.
671 4054 764 4112 Altam
812 4057 932 4116 Cantab.
946 4065 975 4114 et
987 4054 1098 4116 Balliol.

272 4134 397 4218 qroddom
421 4150 447 4195 et
474 4137 606 4214 cxceffum,
629 4134 697 4196 nihil
729 4137 767 4194 ri-'
