2817 4859
303 381 361 446 ῳ
519 333 1137 426 nuscunnrsrurnaioumt'

300 515 373 600 Sed
401 523 470 598 hoc
500 549 587 598 mox
612 523 746 598 videro.
797 523 936 596 Interea
966 521 1063 595 unde
1092 517 1149 592 isti
1178 513 1337 595 versus?

264 709 268 718 ,
301 647 375 698 non
392 623 487 697 enim
503 619 669 722 agnosco.
705 623 764 695 M.
783 621 915 695 Dicam
931 622 1076 694 hercle:
1103 619 1235 692 etenim
1255 645 1338 692 rec-

301 740 336 796 te
355 723 513 820 requiris.
564 721 718 796 Videsne
734 722 914 794 abundare
932 745 988 794 me
1012 718 1118 792 otio?
1162 720 1208 792 A.
1231 715 1339 792 Quid

300 824 407 896 tum?
452 819 510 894 M.
529 819 641 895 Fuisti
674 821 779 920 saepe,
799 821 920 910 crede,
946 843 1033 892 cum
1056 816 1207 892 Athenis
1234 819 1339 909 esses,

301 923 338 994 in
373 919 843 1091 scholiszhilosoplrorum.
893 919 940 992 A.
963 917 1071 1002 Vero,
1105 942 1146 992 ac
1179 917 1338 990 libenter

300 1019 460 1120 quidem.
546 1074 555 1091 .
574 1019 891 1094 Animadvertebas
907 1015 1032 1116 igitur,
1048 1017 1113 1090 etsi
1128 1036 1207 1092 tum
1224 1042 1337 1090 nemo

301 1135 374 1192 erat
391 1120 585 1192 admodum
603 1117 780 1230 copiosus,
797 1143 923 1191 rerum
942 1133 1060 1190 tamen
1078 1115 1196 1203 versus
1213 1117 1261 1190 ab
1280 1115 1337 1188 his

301 1215 485 1290 admisceri
508 1217 669 1290 orationi.
724 1219 770 1290 A.
788 1219 844 1292 Ac
870 1215 1003 1290 multos
1025 1216 1172 1311 quidem
1195 1241 1216 1288 a
1241 1213 1335 1288 Dio·

301 1315 403 1414 nyfio
420 1314 555 1390 Stoico.
607 1315 666 1388 M.
686 1315 800 1390 Probe
825 1316 926 1390 dicis.
979 1315 1050 1388 Sed
1076 1313 1105 1388 is
1130 1313 1230 1412 quast
1255 1316 1335 1388 dic·

301 1429 398 1502 tata3
425 1416 525 1488 nullo
549 1415 699 1506 dilediu,
726 1416 824 1490 nulla
848 1415 1045 1512 elegantia:
1081 1413 1188 1486 Philo
1212 1413 1335 1486 noster

300 1527 316 1558 ⁰
330 1511 386 1614 [et
401 1515 583 1612 proprium
600 1513 811 1686 numerum}
838 1535 875 1588 et
897 1514 993 1588 ledla
1016 1531 1181 1610 poemata
1197 1531 1234 1586 et
1249 1513 1338 1586 loco

300 1613 528 1712 adjungebat.
582 1615 706 1711 Itaque
732 1621 797 1712 pol
812 1639 921 1712 quarn
944 1611 1106 1686 adamavi
1123 1611 1215 1684 hanc
1232 1611 1334 1710 quast

300 1711 446 1786 senilem
464 1712 771 1803 declamationem,
790 1712 941 1786 studiose
966 1712 1132 1810 equidem
1151 1727 1235 1784 utor
1252 1710 1334 1784 nos·

301 1809 364 1884 tris
391 1810 531 1910 poetis;
558 1813 632 1902 sed,
657 1811 772 1886 sicubi
799 1809 850 1886 illi
874 1812 1094 1898 defecerunt,
1115 1807 1237 1883 everri
1262 1809 1333 1908 ipse

301 1911 416 1985 multa
432 1913 476 1984 de
494 1911 644 2000 Graecis,
663 1937 708 1985 ne
732 1937 807 2010 quo
832 1930 1040 1985 ornamento
1057 1907 1094 1984 in
1112 1910 1181 1982 hoc
1201 1933 1332 2020 genere

300 2009 546 2108 disputationis
578 2029 713 2086 careret
747 2012 873 2084 Latina
908 2008 1032 2084 oratio.
1085 2009 1157 2082 Sed
1189 2007 1332 2083 vrdesne

299 2126 418 2204 poetae
431 2109 519 2208 quid
533 2109 616 2182 mali
629 2109 801 2185 afferant?
823 2109 1053 2182 lamentantes
1067 2109 1244 2182 inducunt
1258 2107 1332 2180 sor.

299 2205 449 2282 tiffimos
476 2206 596 2284 viros:
627 2208 795 2284 molliunt
822 2207 959 2283 animos
988 2209 1150 2282 nostros:
1177 2205 1228 2282 ita
1254 2206 1332 2279 sunt

300 2303 431 2380 deinde
457 2308 604 2392 dulces;
632 2325 673 2382 ut
699 2333 774 2381 non
801 2310 964 2406 legantur
988 2307 1110 2394 modo,
1135 2303 1195 2378 sed
1224 2303 1333 2378 etiam

300 2403 514 2482 ediscantur.
565 2405 624 2480 Sic
644 2409 690 2480 ad
715 2409 845 2482 malam
862 2407 1094 2482 domesticam
1110 2403 1333 2503 disciplinam

300 2503 486 2604 vitamque
501 2507 728 2580 umbratilem
752 2525 789 2579 et
808 2505 998 2579 delicatam
1014 2529 1100 2579 cum
1115 2505 1333 2577 accesserunt

302 2601 410 2676 etiam
426 2621 568 2702 poetae;
596 2629 720 2677 nervos
736 2629 859 2680 omnes
875 2604 1014 2678 virtutis
1031 2603 1180 2678 elidunt.
1215 2603 1328 2676 Recte

301 2699 411 2798 igitur
437 2727 459 2774 a
479 2701 626 2778 Platone
642 2705 873 2778 qeducuntur
893 2729 940 2776 ex
964 2729 1004 2777 ea
1029 2702 1199 2788 civitate3
1223 2727 1332 2799 quatu

340 2977 355 3008 ⁰
375 2971 548 3051 Etproprium
562 2973 705 3050 numeram]
728 2975 793 3035 Un·
841 2974 885 3033 nia
897 2976 949 3033 hoc
961 2985 1120 3033 memorant
1131 2973 1251 3032 facinus.
1272 2975 1330 3034 Au·

298 3049 371 3112 cinis
384 3051 526 3110 cinximus
540 3054 617 3112 hasce
631 3075 709 3114 voees
723 3077 793 3132 quas
840 3057 977 3132 gustinraa,
987 3057 1025 3114 C.
1036 3055 1075 3116 D.
1088 3057 1127 3114 11.
1142 3075 1188 3128 ¹4·
1214 3057 1331 3131 Ansam

299 3130 417 3188 omnino
429 3131 556 3190 nesciunt
576 3137 653 3194 Med.
673 3145 702 3194 et
720 3139 792 3196 Bali.
842 3137 933 3196 Graan
947 3135 1051 3196 Platoni
1064 3137 1150 3216 potire
1161 3131 1330 3213 pala-am

298 3207 431 3269 Turbant
443 3214 528 3270 etiam
550 3215 598 3272 alii
611 3215 728 3283 codices,
742 3219 792 3294 qui
840 3215 934 3291 duest,
946 3219 991 3295 qui
1010 3239 1068 3275 cura
1086 3218 1183 3276 rarione
1192 3218 1334 3292 sonaret,

300 3289 355 3348 sere
367 3291 446 3360 dant¹
461 3291 536 3351 Philo
554 3309 579 3352 ct
591 3297 722 3374 propriam
739 3297 794 3374 nos·
841 3300 925 3374 quatis
949 3299 996 3376 effi
1026 3299 1123 3358 civitas
1146 3297 1247 3366 aba,
1273 3310 1329 3355 m·

300 3371 578 3452 inermapmm
591 3379 642 3434 arc.
840 3397 918 3455 quam
942 3378 1102 3454 adverfhrr'os
1124 3378 1252 3448 meanis.
1270 3379 1330 3436 Poe·

343 3461 356 3500 Ρ
392 3453 460 3512 Verti
488 3454 558 3532 ipse]
590 3457 697 3532 Vulgo,
723 3459 792 3516 verti
841 3470 883 3517 tos
895 3459 987 3536 uastat
1000 3457 1062 3520 urbe
1074 3459 1235 3534 pellendae?
1274 3457 1329 3516 ui·

300 3532 374 3592 enim.
402 3535 454 3592 Sed
467 3537 670 3596 vetereaeditos
685 3537 792 3614 sequor,
841 3542 940 3597 nucius
962 3541 1050 3608 Felix,
1067 3539 1172 3598 octav.
1186 3558 1252 3616 cap.
1265 3539 1331 3597 xxii.

301 3633 371 3690 quoe
382 3612 545 3674 Gebhardua
558 3619 629 3676 male
642 3619 770 3678 desenait.
841 3621 919 3679 Plato
941 3619 996 3678 ideo
1010 3619 1136 3701 preclare
1156 3620 1330 3680 Hamm-

333 3703 354 3758 ,q
374 3695 541 3755 Educuntur
562 3719 595 3756 aa
614 3718 646 3757 ea
668 3701 789 3776 ciuitate]
839 3699 871 3757 de
884 3703 1092 3782 civitampm
1104 3701 1252 3778 tusam
1264 3699 1331 3777 iasa·

300 3774 402 3836 Elien[
426 3775 477 3836 sec.
499 3787 528 3835 et
553 3779 624 3836 Bait.
649 3781 792 3853 ejiciantur,
840 3781 1331 3850 tuebar,aiacrn.Athenaeua‚lib.v.

300 3858 376 3930 quoa
395 3859 510 3932 quuem
523 3861 638 3918 venum
657 3861 695 3918 est
708 3863 791 3920 vene·
838 3847 1329 3942 p.1r7.0a.nuga.⁴0aamatn

301 3938 440 4010 mentium
454 3939 516 4017 quia
526 3939 791 4020 eJ'iaiesttndmpelli
837 3939 1178 4024 ypaipoalamir'opqu
1189 3945 1329 4000 Etann-
1397 3974 1398 3999 ;

299 4015 366 4072 unde
379 4019 477 4078 irruitur
491 4019 600 4090 recedas,
615 4034 698 4098 prout
718 4023 790 4081 redte
838 4027 953 4080 norat
971 4027 1056 4082 ΤΩΝ
1082 4025 1261 4084 ΠΟΛΕΩΝ.
1294 4022 1328 4079 Et

300 4099 413 4164 Seneca,
427 4101 513 4176 Epist.
527 4103 575 4158 liv.
611 4105 654 4160 lta
669 4104 791 4179 loquun·
838 4103 888 4161 lib.
903 4105 942 4162 xi.
957 4125 986 4182 p.
1001 4119 1070 4184 505.
1095 4100 1144 4162 'Er
1155 4104 1208 4182 μὲν
1223 4102 1260 4184 τῇ
1274 4107 1327 4158 Iso·

300 4183 347 4233 tur
368 4189 395 4236 et
409 4181 457 4238 alii
470 4181 622 4261 scriptores,
636 4185 683 4242 ubi
699 4184 790 4242 l'lato·
840 4179 1061 4266 λιτείαὍμῃρον
1075 4188 1289 4245 ΕΚΒΑΛΛΩΝ
1300 4175 1326 4274 r}

1280 4283 1323 4332 ru

1391 4696 1395 4835 l
