2817 4859
258 420 321 497 43⁸
584 390 959 481 aunnnnriounn'

260 598 325 657 Sine
338 596 425 657 dubio
437 597 502 656 sunt
515 597 622 657 Senaril
635 617 670 657 ex
683 607 772 657 vetere
785 607 876 677 poeta,
889 607 923 655 ut
936 594 1071 676 Josephue
1090 594 1214 671 Scaliger
1234 588 1296 673 pri·

259 714 323 755 mua
336 694 501 755 observavit.
541 696 594 754 Sed
607 696 687 773 quid,
699 694 818 765 obsecro,
833 696 879 755 hic
893 694 960 754 facit
975 694 1109 753 Militia?
1146 690 1234 750 Certe
1246 692 1292 749 seu

256 793 380 871 virginee
393 787 448 853 tine
462 792 591 853 mulieres
607 786 757 871 Spartanae
771 792 882 852 militiae
898 792 1013 851 nomina
1026 790 1124 850 dedisse
1138 800 1166 848 et
1180 786 1292 847 inandi-

256 900 320 948 tum
340 890 389 958 est,
402 902 431 949 et
444 890 553 969 prorsur
575 891 744 949 incredibile.
785 890 866 949 Quid
886 902 980 949 autem
993 888 1122 966 sertid'ros
1143 880 1290 946 sarbara?

257 989 331 1047 Sunt
350 990 402 1067 qui
412 988 612 1063 jicienditatenr,
633 986 815 1048 πολυτεκνῖαν
835 992 1070 1067 interpretantium
1093 985 1140 1045 sed
1159 983 1224 1063 quis
1246 984 1291 1042 us·

256 1102 345 1161 quam
359 1084 433 1142 dixit
446 1104 560 1142 uxorein
576 1084 708 1154 fertilem,
722 1094 771 1144 aut
785 1084 950 1163 eonjugium
964 1082 1074 1143 fertile?
1111 1078 1216 1158 Neque
1228 1094 1292 1137 vero

255 1178 347 1239 sensus
362 1182 419 1249 ilie,
434 1182 453 1239 si
469 1182 570 1241 Latine
581 1184 617 1241 fic
630 1182 709 1260 loqui
723 1182 827 1252 liceret,
842 1182 985 1241 sententiae
999 1179 1169 1240 conveniret.
1193 1176 1290 1253 Quip-

254 1300 291 1359 pe
304 1280 363 1339 hee
377 1279 450 1338 inter
462 1279 488 1338 se
502 1290 694 1359 opponuntur,
703 1280 829 1361 palestra
843 1284 895 1339 &c
908 1290 937 1338 et
941 1278 1073 1357 fertilitas
1083 1300 1094 1333 .·
1109 1272 1189 1353 atqui
1202 1275 1290 1340 labor,

255 1374 391 1455 palaestra,
405 1378 500 1455 pulvis
519 1379 583 1457 plna
602 1376 753 1438 conserunt
773 1380 808 1439 ad
828 1376 1037 1445 secunditatem,
1051 1392 1137 1452 quam
1159 1372 1302 1431 barbam·

255 1492 319 1531 rum
333 1475 484 1533 mulierum
498 1476 608 1536 desidia.
648 1476 725 1555 Ergo
739 1488 771 1535 tu
791 1496 856 1536 eum
876 1472 1030 1535 dodiillimo
1042 1470 1176 1533 Turnebo
1186 1470 1289 1547 fertili·

253 1584 333 1628 ceren
346 1570 394 1629 hie
405 1590 457 1650 pro
469 1571 550 1644 luxu,
563 1574 670 1633 deliciir
682 1584 711 1633 et
725 1594 817 1633 rerum
838 1573 1009 1633 abundantia
1028 1565 1166 1649 recipie.¹¹
1181 1568 1288 1627 Verum

253 1664 302 1723 ille
313 1666 369 1723 tine
383 1666 494 1725 auctore
507 1669 561 1726 boc
575 1668 699 1746 prosert;
722 1678 754 1728 tu
769 1688 860 1728 unuin
880 1668 1007 1739 advocas,
1020 1666 1065 1727 sed
1085 1666 1131 1725 cul
1151 1662 1205 1744 ipfi
1218 1682 1290 1744 opus

252 1760 292 1820 est
304 1762 360 1821 alio
373 1762 517 1835 advocato,
528 1765 683 1837 sedulium,
697 1768 736 1826 iv.
753 1782 799 1827 10.

640 1898 852 1965 Siediveeopima

349 1976 479 2028 Fertilitate
489 1988 587 2029 turnenr
598 1991 698 2031 tenuem
709 1997 759 2033 nou
771 1981 839 2044 potiit
848 1982 913 2031 adire

348 2057 454 2108 cetenis
464 2063 531 2124 regni
542 2062 674 2111 ducentem
684 2065 716 2112 ed
726 2062 813 2113 limina
823 2064 921 2113 callem.

251 2167 312 2227 Ubi
324 2178 374 2227 aut
387 2170 466 2229 valde
479 2170 570 2244 fallor,
581 2184 631 2233 aut
645 2174 729 2253 plane
742 2178 857 2247 constat,
872 2196 928 2236 non
943 2196 1035 2235 rerum
1049 2160 1235 2245 affluentiam,
1244 2168 1287 2233 'sed

252 2266 377 2345 corporis
388 2268 546 2329 obefitatem
560 2274 671 2333 notari:
694 2276 769 2335 unde
788 2276 950 2335 crediderim
973 2276 1059 2333 etiam
1077 2274 1182 2335 Sedulii
1196 2272 1287 2332 locum

251 2362 283 2423 in
309 2366 410 2424 mendo
428 2370 541 2427 cubare.
583 2370 663 2431 Ouid
683 2372 703 2433 fi
727 2374 860 2433 Altilitatc
880 2372 1037 2453 scripserit?
1059 2390 1126 2430 nam
1148 2368 1231 2429 altiss
1253 2368 1289 2427 est

249 2460 375 2539 opimus,
387 2462 492 2533 obesus,
506 2464 658 2544 saginatus.
701 2468 868 2549 Utcumque
881 2472 933 2530 hoe
947 2472 989 2539 sit,
1002 2456 1075 2528 certe
1092 2488 1184 2545 neque
1204 2466 1290 2525 obesi·

250 2564 296 2613 tar
309 2558 376 2615 huic
388 2558 504 2637 Tragici
518 2562 579 2621 loeo
592 2565 734 2635 convenit,
749 2586 815 2625 cum
828 2567 964 2647 oppofitio
978 2586 1034 2625 non
1055 2562 1127 2623 recle
1147 2562 1287 2645 procedat.

248 2652 394 2729 Siquidem
419 2656 547 2717 Laeana
567 2658 695 2721 soemiuae
715 2664 753 2721 ob
772 2662 833 2743 ipsa
851 2664 900 2721 illa
919 2663 1052 2741 exercitia
1071 2658 1288 2747 corpulentiores

248 2756 280 2806 et
299 2750 447 2811 habiliores
460 2766 539 2813 erant
560 2756 642 2831 aliiaj
665 2760 740 2819 unde
752 2761 861 2821 Atticae
875 2758 1049 2823 mulierculae
1061 2762 1097 2819 sic
1117 2760 1286 2841 Spartanam

248 2845 389 2926 Lampeto
399 2852 581 2931 compellant,
597 2854 627 2913 in
640 2857 837 2939 Aristophanis
849 2858 1005 2937 Lynnrata,
1216 2841 1218 2850 ¹

370 2992 418 3061 'sir
430 2995 455 3056 δ’
464 3003 578 3080 ιῦχςοιῖὲ,
590 3000 621 3069 eie
633 3002 659 3061 b*
671 3005 770 3086 σφμγᾷ
782 3006 810 3065 rd
822 3004 897 3083 clipei
906 3023 963 3065 σου·

369 3094 426 3172 Κᾷι
436 3102 524 3177 'reigo'
536 3094 640 3177 ἄγχοις.

248 3232 352 3311 quibua
365 3234 415 3295 illa
427 3238 621 3303 habitudinem
634 3246 759 3325 corporis
773 3248 944 3309 mirantibus
958 3247 1080 3308 caussam
1094 3248 1199 3321 reddit,
1212 3246 1286 3336 quod
1396 3262 1397 3274 ¹

247 3330 274 3388 se
287 3332 413 3413 palaestra
425 3346 453 3393 et
466 3334 538 3396 saltu
549 3354 696 3413 exerceret,

248 3690 329 3749 Quid
343 3692 451 3771 igitur?
471 3692 558 3757 haeret
575 3700 621 3760 bic
640 3723 735 3781 aquam
758 3711 786 3763 et
806 3706 983 3773 tentandum,
1000 3704 1112 3784 opinor,
1124 3706 1285 3783 est'alicprid
1391 3784 1392 3787 Ἴ

246 3788 340 3861 potius
355 3810 440 3866 quam
454 3804 488 3851 ut
500 3794 678 3858 librariorum
695 3804 838 3881 mancipia
851 3802 955 3875 fimue3
977 3812 1005 3861 et
1025 3804 1164 3882 quiequid
1183 3806 1284 3861 delira-

244 3884 426 4056 ξὲἷὲἑυῖῑδο
445 3892 553 3953 calculo
572 3900 732 3975 probemur.
771 3902 846 3961 Vide
867 3922 903 3961 an
924 3902 961 3963 fic
981 3902 1117 4013 scripserit
1134 3904 1284 4013 poetnibe

343 4113 435 4162 Guibu'
446 4122 520 4181 mrgi'
530 4122 647 4185 palaestra,
659 4128 758 4191 Eurota,
770 4130 811 4184 sol,
823 4132 911 4195 pulvis,
923 4130 1000 4195 labor,

338 4192 460 4247 Durum
472 4202 550 4251 ttudio
560 4204 689 4295 empnam
702 4224 846 4263 ruriairur
858 4212 966 4266 barbara
