2817 4859
277 383 334 448 ιη
483 352 1085 437 nuscunntsrurn'rrouort

275 531 366 618 sum,
383 529 575 629 praesertim
591 529 681 604 nihil
699 555 818 629 agens,
844 554 946 628 agere
967 527 1123 601 melius?
1149 523 1306 598 sednon

275 629 410 728 paucis,
435 649 476 704 ut
500 631 571 704 ille.
622 629 782 702 Difficile
809 630 860 702 est
885 627 981 701 enim
1010 629 1047 699 in
1076 623 1309 723 philosophie

276 748 390 826 pauca
411 729 479 800 effe
505 729 537 802 ei
562 743 659 813 nota,
680 727 739 800 cui
769 749 841 800 nott
866 727 935 799 srnt
957 742 1019 799 aut
1045 727 1213 822 pleraque
1242 737 1310 796 aut

277 827 408 899 omnia.
450 827 547 900 Nam
565 851 630 900 nec
647 848 760 924 pauca
774 827 840 900 nist
857 823 1014 898 emostis
1031 823 1115 921 eligi
1131 822 1307 922 possuntt

278 949 359 1011 nec,
376 923 440 1022 qui
466 949 579 1024 pauco
598 925 808 1023 perceperit,
822 950 895 998 oon
911 925 1009 996 idem
1025 923 1162 1020 reliqua
1177 922 1311 994 eodem

279 1022 397 1109 studio
413 1025 651 1122 persequetur.
693 1025 764 1098 Sed
780 1024 953 1098 tamenin
969 1023 1043 1099 vita
1060 1037 1311 1132 occupatqpta

280 1147 363 1218 que,
384 1139 426 1194 ut
451 1115 683 1221 Neoptolemi
709 1139 787 1197 tum
815 1139 900 1208 etat,
926 1119 1069 1194 militari
1094 1142 1209 1218 pauca
1234 1117 1313 1217 rpsa

280 1222 434 1293 multum
462 1221 552 1318 saepe
580 1222 749 1320 possuntt
776 1239 812 1295 et
836 1222 957 1294 serunt
980 1221 1131 1307 studius,
1150 1217 1208 1290 ¹’st
1232 1241 1311 1289 non
1403 1298 1404 1301 Ἴ

256 1345 257 1352 “
279 1335 396 1392 tantos
422 1321 545 1418 quanti
571 1347 617 1394 ex
638 1321 799 1393 universa
823 1317 1049 1418 philosophie
1069 1316 1203 1415 percipi
1224 1313 1312 1413 pos-

280 1415 373 1504 sunt,
390 1435 507 1490 tamen
525 1442 584 1494 eos
601 1418 733 1518 quibus
748 1419 868 1517 aliqua
881 1443 928 1491 ex
944 1435 1042 1515 parte
1056 1413 1236 1489 interdurn
1248 1428 1314 1486 aut

280 1515 475 1614 cupiditate
493 1536 554 1591 aut
566 1517 776 1616 aegritudine
793 1534 856 1592 aut
871 1535 971 1590 metu
985 1516 1188 1589 liberemur.
1221 1513 1314 1585 Vel-

281 1627 324 1698 ut
343 1635 390 1687 ex
414 1639 455 1688 en
472 1614 721 1714 disputatione,
735 1639 817 1712 quae
831 1615 920 1689 mihi
938 1639 1051 1711 nuper
1068 1613 1189 1686 habita
1203 1612 1258 1684 est
1274 1611 1315 1683 in

281 1693 499 1805 Tusculano,
534 1739 662 1814 magna
690 1713 877 1788 videbatur
908 1713 1033 1786 mortis
1061 1711 1193 1785 effesta
1220 1733 1314 1784 con-

281 1813 433 1909 temptio
449 1841 459 1886 r
486 1839 565 1910 quae
589 1839 661 1886 non
679 1812 870 1886 minimum
890 1814 986 1884 valet
1001 1814 1047 1884 nd
1062 1812 1220 1884 animum
1235 1834 1316 1880 me·

281 1927 323 1982 tu
339 1909 573 1986 liberandum.
624 1913 722 1986 Nam
739 1910 853 2011 quiid
870 1911 970 2009 quod
986 1906 1089 1982 vitati
1107 1933 1180 1981 non
1196 1908 1316 2005 potest

284 2009 425 2098 metuit,
442 2011 470 2084 is
496 2011 613 2084 vivere
636 2009 757 2083 auimo
781 2008 904 2106 quieto
926 2009 1027 2081 nullo
1051 2009 1161 2080 modo
1184 2006 1316 2103 potest.

285 2107 354 2178 Sed
381 2107 456 2204 qui,
484 2133 556 2208 non
582 2110 691 2181 modo
717 2107 803 2204 quia
828 2108 964 2180 necesse
987 2108 1039 2179 est
1066 2103 1171 2194 mori,
1187 2129 1316 2177 verunt

284 2204 392 2278 etiam
414 2205 499 2304 quia
520 2206 610 2280 nihil
636 2207 745 2280 habet
771 2231 865 2280 mors
891 2206 990 2304 quod
1016 2203 1060 2277 srt
1083 2204 1317 2291 horrendum,

286 2321 439 2378 nrottenr
463 2331 533 2378 non
561 2307 675 2396 timet,
699 2330 871 2404 magnum
898 2305 927 2378 is
953 2303 1019 2377 fibi
1042 2301 1247 2401 praesrdium
1272 2299 1318 2374 ad

286 2405 425 2476 beatam
457 2403 567 2478 vitam
598 2422 790 2502 comparat.
841 2405 1063 2502 Quanquam¹
1090 2425 1163 2474 non
1196 2399 1319 2496 sumne

286 2500 399 2611 ignari
425 2505 557 2577 multos
583 2503 737 2578 studiose
762 2517 888 2577 contra
911 2503 981 2576 esse
1004 2500 1193 2572 didiurost
1218 2499 1321 2596 quod

285 2611 396 2670 'vitate
429 2601 531 2673 nullo
563 2603 673 2676 modo
706 2602 901 2698 potuimus,
934 2599 999 2671 nifi
1039 2597 1129 2672 nihil
1169 2599 1319 2670 omnino

288 2695 530 2771 scriberemus.
580 2701 653 2774 cEt
675 2698 772 2773 enim
787 2701 816 2772 st
834 2697 1022 2786 orationes,
1038 2721 1125 2796 quas
1142 2719 1207 2771 nos
1222 2697 1322 2771 mul·

327 2891 343 2934 Β
363 2895 392 2958 si
412 2917 460 2971 non
480 2909 670 2956 tantos-meto
683 2899 781 2958 libere·
829 2900 900 2977 quin
920 2899 1051 2976 praestans
1071 2896 1241 2964 valetudine,
1255 2895 1324 2956 viri⁴

291 2977 367 3052 rnur]
395 2979 463 3040 Non
486 2979 520 3036 de
546 2977 571 3036 se
594 2978 660 3056 ipse,
683 2981 727 3038 sed
747 2982 781 3038 de
829 2978 1150 3057 buedormne-fifimie
1161 2979 1192 3044 it,
1206 2978 1256 3055 qui
1270 2975 1324 3035 dac

290 3057 335 3126 iis,
349 3057 399 3134 qui
410 3055 497 3116 vitam
511 3059 618 3118 ducunt
632 3059 781 3120 militarem
830 3059 915 3127 babet,
929 3059 1045 3135 inustus,
1061 3060 1238 3138 sumperunt,
1256 3057 1325 3115 tinni-

290 3146 319 3194 et
342 3152 516 3218 occupatam,
538 3141 660 3216 adeoque
683 3141 782 3218 primis
829 3137 1092 3199 dus—dubitabisne
1108 3157 1174 3197 eum
1188 3136 1324 3196 miserum

284 3221 404 3276 *sautum
430 3217 511 3276 sabiie
539 3221 646 3296 gustare
672 3221 783 3298 possunt
830 3222 942 3278 dicere?
973 3221 1079 3277 Iterum
1100 3239 1134 3279 oe
1156 3261 1163 3275 .
1183 3216 1247 3275 xix.
1281 3217 1325 3275 st·

292 3295 667 3376 philosophiamioquitut.
708 3301 784 3378 Ergo
832 3302 964 3359 mileuroe
976 3313 1059 3377 putas
1079 3297 1115 3358 C.
1179 3299 1212 3356 sii
1233 3315 1325 3357 uuum

293 3375 471 3455 rescripserim
480 3376 630 3436 Iibernrner:
641 3377 784 3439 Vidiotiue
830 3381 1005 3439 consulatum
1019 3376 1106 3447 fuisse,
1117 3390 1142 3437 et
1153 3397 1212 3437 eunt
1225 3377 1326 3457 quiden

235 3506 238 3511 .
293 3459 369 3515 enim
390 3471 419 3516 et
437 3459 561 3538 plerique
580 3479 677 3518 ornnes
699 3461 784 3519 MSS.
832 3483 889 3518 cunt
910 3457 1093 3540 repulsit-sed
1111 3470 1208 3518 temen
1228 3469 1326 3516 utrum

293 3539 372 3607 dant,
387 3551 441 3598 stru
454 3559 501 3597 non
514 3553 703 3601 tantos—netu
715 3541 785 3598 iibe-
833 3541 949 3614 malim
966 3552 1003 3610 te,
1005 3541 1037 3618 fi
1041 3541 1151 3619 potnias
1158 3539 1226 3620 effct,
1234 3537 1328 3606 semel,

294 3630 400 3678 rentur.
426 3619 491 3678 Hoc
504 3618 643 3697 placem
657 3621 727 3680 illud
741 3621 786 3678 iu·
833 3632 866 3678 ut
890 3622 1020 3689 Laelium,
1039 3618 1200 3689 Consulem,
1224 3639 1274 3688 arr,
1296 3626 1329 3676 ut

294 3695 472 3778 eptiffimunr.
834 3702 970 3770 Cinnam,
983 3700 1099 3778 quater?
1134 3699 1180 3759 Sic
1199 3693 1329 3759 etOffic.

335 3787 348 3817 ⁶
379 3778 480 3838 Etenim
491 3777 521 3856 ſs
542 3779 743 3860 notum-sed
757 3779 789 3858 st
834 3780 884 3840 lib.
900 3781 942 3842 iii.
961 3801 987 3841 c.
1003 3782 1051 3839 ro.
1083 3781 1163 3840 Utile
1182 3781 1330 3838 videbatur

295 3859 483 3938 reperiebantur
497 3859 626 3936 nonnulli]
653 3859 697 3918 Est
717 3858 787 3920 αἰνα-
834 3861 1048 3938 Uiyffi—sed
1071 3861 1237 3920 insimulant
1264 3875 1330 3917 eum

298 3939 430 4008 armon,
456 3941 531 4018 quod
564 3937 623 4016 post
652 3939 789 4000 nonnulla
836 3941 1006 4019 Ttagoediae,
1022 3942 1191 4018 simulatione·
1213 3938 1333 4020 irffmtsaer

296 4017 498 4092 rependerunt
521 4019 680 4096 interposui
704 4019 789 4100 scrip·
837 4017 1213 4101 nisitinmsubroefngerevosui
1230 4018 1331 4079 efflu-

298 4093 404 4154 toribus
414 4101 489 4156 haud
500 4099 538 4158 est
553 4099 724 4168 inusitatum.
744 4101 791 4160 ue
838 4121 870 4160 ra
882 4100 939 4159 riou
949 4101 1048 4160 desunt
1056 4103 1195 4180 exe'tnpia,
1217 4096 1253 4159 ed
1263 4103 1333 4164 haee,

299 4171 586 4262 sib.v.1irsc.c.r5.
609 4185 657 4241 An
668 4181 790 4250 dubitet,
838 4183 914 4259 quod
934 4181 1154 4257 volumesjsntiu
1172 4176 1336 4322 οῆωᾱέῧῖἕ
1403 4186 1404 4221 i
