2817 4859
275 303 332 364 108
482 299 672 372 TUSQUL.
695 294 1084 362 DISPUTATIONUM

236 479 239 484 '
271 477 355 536 runt
374 484 441 558 pro
463 459 538 532 vita
561 457 711 554 civium)
737 459 923 534 Codrum:
950 457 1014 554 qui
1040 456 1074 530 se
1097 455 1135 532 iu
1160 458 1310 534 modios

271 557 418 632 immifit
443 558 558 632 hostes
587 557 708 630 kveste
738 554 914 642 famulari,
936 581 980 628 ne
1010 555 1124 653 posset
1152 559 1307 655 agnosci

270 659 298 730 fi
316 657 401 731 effer
417 676 543 730 ornatu
560 654 681 754 regio:
708 657 807 751 quod
823 656 1007 727 oraculum
1025 671 1098 726 erat
1114 658 1251 743 datium,
1273 659 1308 731 fi

270 755 354 830 Rex
371 755 579 828 interfestus
597 755 693 842 effer,
707 753 874 828 vislrices
887 754 1044 828 Athenas
1061 754 1147 829 fore.
1186 755 1194 800 ¹
1208 757 1307 829 Me-

211 926 215 936 ,
270 875 415 928 noeceus
442 879 513 926 non
538 852 831 950 praetermittitur,
848 849 912 948 qui
938 854 1081 926 oraculo
1105 853 1202 928 edito
1228 857 1308 930 lar·

297 953 365 1026 'tus
388 953 438 1025 est
490 952 586 1026 atriae
611 953 713 1026 suurn
740 949 957 1050 sanguinem.
1009 950 1195 1050 Iphigenia
1216 954 1305 1029 Au·

284 1052 341 1124 ide
359 1051 441 1124 duci
461 978 494 1124 ii
512 1050 766 1124 immolandam
786 1051 901 1148 jubet,
919 1067 961 1122 ut
983 1049 1139 1125 hostium
1156 1052 1305 1151 sanguis

270 1148 432 1224 eliciatur
449 1153 522 1224 sun.

318 1249 460 1322 XLIX.
485 1249 644 1322 Veniunt
670 1246 753 1321 inde
779 1247 824 1323 ad
849 1246 1026 1346 propiora.
1075 1247 1302 1324 Harmodius

269 1345 307 1421 in
337 1373 396 1419 ore
430 1363 466 1420 et
499 1347 746 1446 Aristogiton3
787 1345 1079 1419 Lacedaemonius
1107 1347 1302 1440 Leonidas,

268 1445 462 1520 Thebanus
486 1445 751 1546 Epaminondas
767 1445 902 1544 vigent.
953 1445 1103 1519 Nostros
1129 1472 1203 1520 non
1227 1473 1300 1521 no-

268 1563 352 1619 runt
369 1579 378 1631 ;
406 1571 495 1644 quos
512 1570 713 1619 enumerare
731 1569 901 1642 magnum
918 1545 981 1632 est,
999 1544 1049 1615 ita
1068 1543 1148 1617 sunt
1165 1546 1270 1620 multi
1287 1576 1300 1619 ι

269 1643 401 1740 quibus
417 1645 579 1718 videmus
596 1643 768 1742 optabiles
785 1662 914 1714 mortes
932 1641 1033 1715 fuisse
1059 1667 1143 1715 cum
1169 1643 1299 1742 gloria.

271 1743 364 1816 Quae
392 1769 476 1816 cum
504 1742 553 1815 ita
579 1743 674 1827 fint;
711 1766 840 1840 magna
871 1759 990 1814 tamen
1016 1743 1219 1838 eloquentia
1247 1744 1302 1818 est

306 1999 417 2082 *Vasta
436 2003 581 2080 famulari]
606 2006 638 2061 ln
659 2006 758 2062 haere
805 2005 1054 2082 adEclog.r.11.
1083 2007 1302 2069 Similiteroiaa·

258 2086 422 2164 famularem
448 2087 544 2144 cultum
570 2087 645 2142 dixit
671 2087 757 2143 etiam
804 2082 884 2152 τικᾶς
904 2083 1027 2160 ἐσθῆτας
1051 2085 1165 2166 usurpat
1189 2089 1303 2166 Polyae·

269 2167 396 2228 Valerius
411 2167 566 2234 Maximus,
580 2166 627 2222 lib.
643 2185 669 2222 v.
693 2184 757 2243 cap.
805 2185 867 2234 nus,
880 2165 999 2242 Stratag.
1020 2167 1059 2223 vl.
1072 2184 1122 2242 49.
1135 2177 1163 2225 et
1170 2169 1301 2241 famula-

267 2246 306 2306 ri.
325 2264 349 2306 1.
370 2257 426 2306 ext.
461 2241 603 2324 Δρυτόμου
624 2265 687 2304 vero
711 2246 757 2304 seu
804 2265 856 2303 ram
875 2246 967 2321 vestm
991 2247 1119 2307 Valerius
1139 2240 1300 2321 Maximus,

266 2327 467 2408 φρυγανιςῗρος
488 2323 574 2406 χῆμαι
597 2325 639 2382 vel
668 2321 756 2401 ςολῆν
805 2327 854 2382 lib.
870 2327 907 2384 vi.
921 2346 984 2404 cap.
994 2326 1043 2383 vii.
1057 2345 1086 2400 3.

265 2419 368 2466 vocant
388 2409 543 2484 Polyaenus,
565 2407 584 2464 i.
608 2407 653 2464 18.
694 2407 757 2464 Sto·
846 2405 1013 2464 ¹Mrnoeants
1022 2428 1070 2464 non
1077 2410 1300 2486 praetermittitur,

267 2489 353 2556 baeus,
364 2489 450 2545 serm.
462 2487 511 2542 vii.
527 2507 555 2562 p.
569 2503 617 2561 92.
630 2487 672 2542 ed.
684 2488 756 2548 Aur.
806 2486 849 2562 qui
861 2486 960 2544 oraculo
972 2485 1052 2559 adito]
1073 2488 1177 2566 Vulgo,
1192 2491 1300 2552 Mem-

265 2568 325 2626 All.
339 2577 368 2622 et
379 2567 506 2634 Tzetaes,
520 2565 596 2630 Chil.
607 2565 627 2622 i.
641 2565 714 2622 Hill.
725 2586 754 2640 4.
805 2585 938 2623 curavero
958 2587 1006 2624 non
1020 2571 1246 2644 praetermissam
1268 2584 1300 2631 at

266 2655 296 2702 at
305 2645 454 2724 pastaralam
467 2645 562 2701 maltum
573 2643 694 2700 Velleius
704 2647 756 2703 Pa·
805 2646 931 2703 voculam
940 2647 1298 2730 secundamnesciuntReg.

265 2726 396 2791 terculus,
410 2726 458 2783 lib.
473 2725 491 2781 i.
506 2744 568 2802 cap.
584 2743 610 2782 2.
624 2744 640 2780 a
654 2726 756 2799 quibus
804 2726 883 2783 Med.
904 2725 1005 2785 Eliens.
1029 2748 1071 2805 pr.
1096 2739 1160 2788 tert.
1184 2731 1300 2792 Balliol.
1388 2759 1391 2764 ·

266 2807 397 2863 omnibus
413 2804 534 2864 diversus
553 2805 610 2860 abit
624 2803 669 2862 Cl.
684 2805 756 2862 Bur·
804 2805 876 2862 Bak.
891 2819 919 2862 et
933 2807 1050 2864 Petrens.
1064 2828 1114 2868 noc
1128 2831 1189 2869 earn
1203 2815 1300 2889 poliu-

266 2903 396 2953 mannus,
406 2888 474 2944 dum
485 2884 756 2962 NostroValerioqua
804 2885 846 2942 lat
859 2887 955 2946 oratio.
995 2883 1065 2964 Reg.
1079 2892 1164 2950 etiarn
1177 2891 1226 2950 dat
1239 2914 1300 2972 qm

266 2967 435 3024 reddeudum
457 2965 639 3043 manipularem
660 2965 756 3023 cultum
804 2964 859 3022 dam
871 2965 1056 3024 oraculaadita.
1083 2971 1158 3046 Lege
1171 2973 1298 3050 quiitem

265 3045 390 3103 censuit:
412 3047 486 3122 quod
499 3045 600 3104 scilicet
614 3065 703 3102 unum
722 3065 757 3102 ex
804 3048 904 3104 oracula
929 3046 1004 3108 adiro.
1045 3049 1176 3108 Ceterum
1194 3053 1300 3112 Noster

265 3126 473 3204 pabulatoribus
497 3146 514 3182 a
538 3125 630 3184 Codro
658 3145 757 3184 sance
805 3126 935 3184 oraculum
954 3127 1049 3186 aditum
1062 3131 1142 3199 dicit,
1155 3134 1232 3207 quod
1243 3135 1300 3195 Ti·

261 3205 399 3284 pararaffiam
409 3203 486 3262 fuisse
494 3205 591 3262 scribat
600 3206 756 3264 Maximus.
805 3208 882 3263 refias
906 3218 982 3265 vates
1007 3207 1131 3268 futuram
1151 3213 1300 3272 Thebanis

266 3285 355 3345 Quart
377 3286 435 3343 salx
456 3285 564 3342 homini
583 3285 682 3342 rustico
703 3287 756 3362 lig·
805 3285 949 3346 viuoriam
963 3289 1135 3366 promiserat,
1148 3292 1167 3350 fi
1180 3293 1299 3352 Menoe·

264 3367 411 3443 maturique
424 3385 481 3422 non
494 3365 669 3424 conveniret!
706 3366 756 3424 Li·
805 3386 879 3435 ceus,
893 3367 1021 3426 Creontis
1042 3369 1123 3438 filius,
1135 3372 1228 3432 Marti
1248 3373 1300 3434 sse·

264 3447 338 3515 vius,
352 3447 389 3504 ix.
409 3447 458 3520 36.
499 3447 553 3504 Iera
566 3445 688 3524 pastorali
707 3444 756 3504 ba·
805 3446 983 3506 retvislima.
1015 3449 1119 3509 Videsu
1139 3453 1298 3530 Apollodo-

265 3525 331 3594 bitu,
341 3521 480 3604 agrlstibus
495 3527 557 3593 talu,
568 3525 684 3582 falcibus
694 3547 755 3603 ga·
805 3546 878 3596 rum,
893 3527 966 3584 Bibl.
978 3528 1026 3586 lib.
1041 3531 1082 3588 iii.
1095 3551 1122 3590 c.
1132 3533 1169 3590 vi.
1185 3546 1214 3610 7.
1237 3539 1299 3594 Ar·

254 3607 340 3687 fisqua
354 3607 418 3665 binis
432 3607 535 3665 armati.
564 3607 671 3665 Revera
683 3602 757 3666 nihil
803 3619 930 3745 §nuent¹
945 3608 980 3668 ad
1000 3609 1141 3688 Euripidis
1161 3611 1298 3676 Phoenill‘.

836 3707 942 3745 onnum
956 3691 991 3746 ad
1011 3691 1042 3748 N
1044 3692 1188 3750 azianzeni
1202 3695 1298 3755 stelit.

264 3771 340 3826 enim
360 3769 436 3844 veslis
454 3767 496 3826 rel
516 3766 600 3824 cultus
620 3787 670 3843 pro
685 3783 755 3844 pau·
803 3767 823 3823 i.
838 3767 912 3825 Hist.
924 3786 954 3845 9.
969 3769 1099 3848 aliosque.
1136 3775 1166 3832 A
1180 3773 1298 3852 reliquia

258 3850 329 3926 paris
353 3847 454 3915 habitu.
477 3848 585 3938 rilipue
610 3866 643 3903 ac
665 3845 756 3904 bamili
802 3847 922 3912 diversus
932 3851 1139 3930 abitHyginus,
1148 3855 1198 3932 qui
1206 3855 1297 3914 Fabb.

182 3944 185 3952 ’
264 3928 428 3986 indumento
438 3947 554 4007 γενικως
567 3925 604 3984 est
615 3927 753 4003 accipian·
803 3928 853 4004 67.
868 3946 934 4003 aaa.
945 3929 1123 3993 Menoeceum
1135 3935 1210 3993 hune
1223 3936 1297 3995 Cre·

263 4008 326 4074 dus,
340 4015 372 4064 ut
384 4017 460 4085 patet
480 4029 513 4065 ex
530 4007 699 4085 Augustino,
717 4007 754 4066 C.
802 4008 875 4066 ontis
895 4019 923 4067 et
943 4011 1057 4087 Joeastae
1079 4024 1190 4092 patrem
1213 4013 1297 4079 fuisse

263 4087 302 4147 D.
317 4087 457 4156 libanii.
471 4107 532 4168 cap.
550 4105 595 4166 19.
610 4098 637 4146 et
651 4087 755 4158 Senio,
801 4086 956 4150 confirmat.

264 3689 381 3746 omnino
401 3688 588 3757 movendum
608 3685 755 3762 fhmalaris
