2817 4859
422 414 813 476 ιιιιιιιιιιιιιιιιι.
889 388 895 395 ’
1016 500 1020 504 .
1094 430 1129 495 73

96 576 276 663 nascatur,
293 572 403 647 animi
428 572 631 647 fimilitudo.
681 573 852 647 domitto
877 572 1132 649 dissimilitudi-

98 702 173 765 nes,
199 675 345 747 Vellem
373 673 487 745 adeffe
516 674 630 771 poffet
656 673 858 747 Panaetius:
900 674 1016 747 evixit
1044 698 1131 749 cum

99 774 302 847 Africano·
336 796 531 868 quaererem
556 796 602 845 ex
627 797 683 859 eo,
711 778 812 867 cujus
840 772 982 846 suorum
1007 772 1131 849 fimilis

100 872 220 945 fuiffet
240 870 402 943 Africani
419 870 532 943 fratris
548 872 684 965 nepos?
712 871 802 943 facie
820 872 877 943 vel
892 872 1021 967 patris.
1042 871 1128 963 vita,

7 1020 9 1047 ι
101 972 266 1043 omnium
284 970 526 1079 perditorum
519 987 568 1043 lta
583 967 718 1053 fimilis,
735 987 776 1041 ut
791 970 877 1041 effet
894 970 998 1042 facile
1014 971 1131 1043 deter-

7 1084 8 1097 Ρ
104 1070 224 1143 rimus.
279 1070 389 1163 Cujus
414 1068 519 1141 etiam
545 1066 729 1141 fimilisP
757 1068 867 1141 Crassi
900 1068 1062 1165 sapientis
1094 1089 1132 1144 et

100 1168 302 1266 eloquentis
333 1185 369 1239 et
397 1167 502 1262 primi
530 1165 685 1239 hominis
717 1192 840 1263 nepos,
866 1169 1132 1278 multorumque

102 1269 254 1341 aliorum
280 1267 506 1339 clarorum
473 1290 643 1353 urorum,
657 1290 748 1361 quos
764 1266 853 1339 nihil
870 1264 995 1339 attinet
1013 1267 1132 1339 nomi-

102 1391 195 1450 nare,
214 1382 363 1461 nepotes
379 1382 415 1436 et
432 1364 531 1437 filii?
572 1366 642 1437 Sed
658 1365 746 1461 quid
763 1362 929 1461 agimus?
966 1364 1130 1439 Oblitine

101 1466 233 1553 sumus,
251 1464 321 1535 hoc
345 1487 441 1535 nunc
471 1463 572 1535 nobis
600 1462 668 1535 effe
690 1463 925 1575 propofitum,
946 1490 1030 1537 cum
1051 1465 1132 1539 satis

101 1564 143 1636 de
172 1562 372 1635 aeternitate
403 1560 620 1645 dixissemus,
648 1586 691 1633 ne
718 1559 781 1633 fi
773 1562 955 1636 interirent
983 1564 1130 1661 quidem

103 1660 839 1773 auimi,quicquammalreffe1nmortei
884 1662 930 1735 A
948 1662 1029 1758 Ego
1043 1688 1129 1735 vero

103 1761 358 1843 memineram
386 1758 445 1831 sed
471 1775 506 1832 te
531 1760 575 1831 de
601 1759 797 1831 aeternitate
822 1760 1001 1833 dicentem
1025 1763 1129 1833 aber-

105 1884 175 1931 rare
201 1885 222 1931 a
243 1856 426 1956 proposito
450 1856 553 1930 facile
579 1857 748 1970 patiebur
799 1858 858 1932 M.
875 1859 992 1931 Video
1007 1877 1042 1930 te
1058 1861 1128 1933 alte

104 1958 271 2056 spediare,
289 1974 325 2029 et
340 1957 457 2030 velle
449 1981 485 2027 ιιι
504 1958 634 2030 caelum
651 1956 812 2053 migrare.
1177 2005 1182 2020 ·

151 2056 333 2137 XXXIV.
359 2056 471 2153 Spero
488 2054 577 2141 fore,
594 2074 635 2129 ut
652 2055 837 2154 contingat
855 2054 891 2127 id
913 2057 1039 2129 nobis:
1068 2057 1128 2131 sed

107 2154 173 2243 fac,
189 2174 229 2229 ut
253 2154 308 2227 isti
333 2154 472 2244 volunt,
488 2154 625 2227 animos
649 2179 722 2228 non
739 2180 915 2228 remanere
933 2157 1011 2252 post
1028 2182 1126 2229 mor-

103 2270 189 2326 tern.
238 2256 284 2325 A.
299 2253 417 2326 Video
442 2252 596 2341 nos,fi'
589 2272 637 2325 ita
660 2253 718 2337 fit,
734 2253 864 2351 privari
887 2254 944 2349 spe
963 2255 1127 2327 beatioris

105 2352 206 2424 xitae.
255 2352 314 2423 M.
330 2350 424 2423 Mali
441 2352 627 2447 veroquid
644 2351 748 2423 affert
764 2352 829 2423 ista
845 2351 1040 2423 sententia?
1069 2351 1125 2424 fac

106 2450 206 2520 enim
232 2448 279 2521 fic
306 2450 459 2523 animum
488 2448 630 2523 interire
657 2467 698 2521 ut
724 2471 876 2546 corpus.
903 2474 991 2519 num
1017 2447 1127 2561 igitur

106 2548 229 2644 aliquis
257 2550 368 2633 dolor,
395 2568 456 2621 aut
486 2548 633 2621 omnino
659 2548 739 2644 post
767 2566 917 2620 mortem
948 2547 1096 2619 sensus
1087 2573 1126 2621 ιιι
1184 2633 1187 2640 ι

105 2648 341 2758 corporeest?
381 2648 502 2721 Nemo
526 2645 564 2719 id
589 2648 736 2743 quidem
762 2646 871 2719 dicit:
899 2645 961 2718 etsi
989 2646 1125 2719 Demo·

107 2746 231 2819 critum
263 2746 442 2819 insimulet
475 2742 666 2845 Epicurus,
693 2744 947 2819 fDemocritici
980 2762 1124 2843 negant·

156 2992 170 3032 ‘¹
203 2996 294 3054 Omitto
326 2996 583 3070 dissimilitudines]
635 2996 690 3073 piis
716 2996 861 3053 ostendunt
883 2995 1027 3073 josephus,
1049 2997 1123 3057 Ant.

109 3074 392 3153 Vrdgo‚stmilitudmes.
417 3078 585 3144 heddonem,
634 3078 700 3153 Jud.
714 3076 750 3133 vi.
766 3095 794 3149 3,
811 3078 835 3147 ς.
847 3094 874 3133 2.
887 3076 1078 3153 Hieronymus
1088 3078 1124 3136 ad

105 3175 184 3231 quarn
212 3158 345 3225 dedimus,
370 3160 477 3217 extudit
502 3158 586 3235 sagax
635 3157 760 3225 Furiam,
781 3156 867 3233 Epist.
889 3175 917 3212 x.
946 3178 1010 3233 pag.
1027 3158 1074 3215 81.
1095 3167 1126 3217 et

7 3254 8 3257 ’
107 3237 149 3293 Cl.
160 3238 276 3295 Bentleii
288 3237 457 3315 conjediura.
635 3236 797 3314 Spartianus
818 3237 847 3293 in
870 3237 977 3306 Severo,
991 3258 1056 3315 pag.
1073 3251 1124 3313 72.

141 3320 217 3375 V
204 3332 252 3375 ιιιι
273 3339 330 3376 eum
351 3318 492 3395 Africam]
519 3320 586 3377 Vel·
635 3320 677 3373 ed.
699 3316 781 3374 Paris.
818 3316 891 3374 Vide
917 3327 946 3374 et
971 3320 1124 3387 stobaeum,

106 3396 169 3454 leius
180 3399 368 3467 Patercquss
360 3420 379 3457 ι.
397 3418 462 3475 pag.
480 3418 526 3475 19.
541 3400 585 3458 ed.
634 3399 721 3456 Serm
736 3397 831 3455 lxxxv.
844 3399 886 3454 ed.
902 3399 974 3454 Aur.
990 3398 1050 3456 Alt.

105 3480 186 3535 Antv.
222 3478 366 3557 Scipiotam
377 3480 477 3555 elegans
492 3479 540 3535 lib
536 3499 586 3535 ·-ra
677 3474 868 3535 ῐ,ΟιιιιοιιὶιὶιΙ
852 3498 868 3533 ἰ
882 3476 992 3555 negant]
1014 3479 1049 3535 ln
1063 3477 1125 3537 Eli·

108 3556 313 3632 iiumstudiorum
330 3559 452 3637 omnisque
465 3560 586 3619 doctrina
634 3558 687 3615 enti
702 3556 752 3615 see.
766 3558 877 3633 legitur,
885 3558 979 3631 statim
992 3559 1125 3617 Democri·

105 3642 251 3696 standene
264 3638 406 3697 admirator
408 3640 480 3713 furt
491 3652 520 3697 ut
533 3640 586 3697 Po·
633 3638 665 3694 tis
662 3639 677 3694 ι’
655 3652 803 3713 seregent:
826 3636 895 3695 sed
888 3658 911 3695 ιι
931 3639 1016 3696 codex
1037 3636 1123 3695 nimie

7 3766 8 3801 ἶ
107 3716 194 3790 lybiam
210 3720 425 3811 senariumque,
439 3720 534 3797 praecel
533 3720 585 3777 !·en
633 3718 670 3777 est
686 3718 888 3794 interpolatus,
908 3738 993 3794 quam
1017 3726 1049 3780 ut
1073 3714 1123 3776 seli

105 3810 137 3853 tes
156 3801 251 3876 ingenio
273 3800 353 3866 viros,
383 3800 448 3857 domi
475 3801 586 3859 militin-
634 3810 696 3855 tuto
706 3799 841 3855 credatur
875 3798 1007 3874 Respexit
1017 3806 1124 3865 autem

7 3876 9 3943 'j
104 3897 147 3953 que
156 3880 241 3954 satem
262 3878 388 3937 babuerit.
428 3880 500 3937 Vide
520 3882 586 3938 Plu·
635 3880 684 3936 nisi
701 3878 789 3944 fallor,
805 3879 940 3956 Epicurus
959 3879 993 3934 ad
1013 3876 1124 3954 reviviss

107 3962 233 4019 ιιιιΙιιιιιι
250 3970 320 4017 tom.
337 3960 366 4017 ii
383 3978 446 4036 pag.
462 3976 496 4037 77
503 3974 528 4035 7
543 3962 585 4017 ed,
633 3959 703 4017 andi
696 3960 863 4036 rpromssam
884 3957 1025 4017 Dnnocrito
1042 3959 1124 4015 vani·

109 4034 162 4095 Par
182 4053 208 4099 et
233 4041 404 4116 Menagium
424 4042 458 4097 ad
480 4042 585 4101 Laertii
634 4051 730 4102 ιαιιιιι;
754 4041 787 4095 de
810 4058 866 4114 qua
890 4038 1006 4107 Plinius,
1024 4038 1066 4099 Η
1080 4038 1121 4098 Ν.

9 4159 10 4197 3
108 4116 153 4171 vii.
166 4136 209 4210 39
228 4122 270 4177 ed.
293 4120 384 4178 Amst.
415 4120 586 4179 Parumsuo
633 4120 743 4179 lib.xii-.
757 4133 812 4177 c
796 4132 843 4197 ³5·

105 4214 192 4271 generi
185 4200 362 4280 respondere
371 4200 479 4271 liberos,
491 4220 584 4259 exem·
