2817 4859
414 357 572 424 urnnn
598 361 892 424 uacunnus.
1117 373 1173 441 ur

135 525 210 604 ltu
232 535 266 598 et
283 518 425 598 veriuse
451 523 583 610 omnia,
608 547 691 620 quae
717 539 842 601 natura
863 521 1109 623 ¹asperuetur,
1130 519 1171 595 in

139 624 238 698 malin
253 623 348 698 esse:
376 649 457 720 quae
477 623 634 712 asciscat,
652 622 689 696 in
716 623 833 696 bonis.
874 625 960 698 Hoc
984 622 1116 720 posito,
1132 638 1171 694 et

137 724 334 798 verborum
357 723 624 796 concertatione
649 721 799 812 sublata,
814 739 955 796 tantum
970 739 1090 795 tamen
1106 745 1173 794 ex·
1200 805 1208 817 ,

135 822 245 896 callet
267 821 374 910 illud,
390 823 489 918 quod
504 821 603 894 rede
620 822 868 918 amplexantur
883 818 965 906 isti;
987 822 1088 919 quod
1102 819 1173 894 ho·
1263 820 1265 823 ’

133 921 290 1006 nestum,
308 921 407 1020 quod
432 920 585 1010 redium,
603 921 702 1016 quod
727 921 900 996 decorum
924 920 1167 1016 appellamus;

133 1021 234 1116 quod
253 1021 352 1092 idem
368 1017 547 1094 interdum
563 1018 705 1092 virtutis
722 1017 867 1094 nornine
887 1016 1167 1116 amplectimun

133 1135 175 1192 ut
196 1117 322 1194 omnia
345 1134 525 1216 praeterea,
543 1143 626 1215 quae
649 1119 746 1190 bona
767 1117 925 1216 corporis
951 1136 988 1192 et
1013 1116 1170 1191 fortuna

132 1236 318 1315 putantur,
335 1215 529 1315 perexigua
545 1235 581 1291 et
591 1215 730 1290 minuta
745 1216 954 1291 rideantur:
972 1241 1018 1288 ne
1033 1215 1171 1290 malum
1219 1275 1222 1283 .

133 1316 285 1412 quidem
309 1318 439 1402 ullum,
457 1341 522 1390 nec
541 1315 569 1388 fi
589 1314 627 1388 in
652 1341 767 1390 unum
792 1319 915 1390 locum
935 1317 1066 1389 collata
1089 1338 1170 1387 om-

132 1413 191 1489 nia
208 1415 305 1506 sunt,
323 1440 409 1490 curn
426 1413 655 1513 turpitudinis
672 1416 768 1488 malo
785 1416 1034 1512 comparanda.
1067 1413 1169 1488 Qua·

132 1538 168 1586 re
194 1515 237 1605 st,
254 1532 297 1589 ut
320 1512 424 1588 initio
440 1511 652 1603 conceffisti,
669 1513 855 1613 turpitudo
871 1515 970 1612 pejus
992 1514 1045 1587 est
1060 1536 1170 1611 quam

132 1615 262 1698 dolor;
289 1611 383 1686 nihil
404 1613 455 1685 est
472 1612 576 1710 plane
597 1613 711 1686 dolor.
762 1613 860 1686 Nam
876 1615 965 1688 dum
981 1610 1048 1684 tibi
1064 1628 1169 1709 turpe

130 1735 198 1786 nec
224 1711 379 1810 dignum
405 1708 483 1784 viro
508 1709 688 1788 videbitur
705 1737 859 1809 gemere,
876 1711 1017 1805 ejulare,
1033 1713 1168 1782 lamen-

130 1810 211 1902 tari,
241 1809 406 1908 tfrangi,
440 1809 617 1884 debilitari
652 1813 801 1896 dolore;
839 1813 959 1886 2dum
992 1809 1169 1894 honestae,

131 1912 221 1984 dum
248 1909 417 2008 dignitas,
435 1911 523 1984 dum
548 1912 658 1982 decus
682 1907 822 1993 aderit;
848 1925 962 2008 tuque
986 1908 1025 1984 in
1050 1933 1091 1989 ea
1111 1908 1169 1983 io.

130 2027 248 2094 tuens,
266 2027 302 2082 te
329 2008 554 2082 continebist
581 2009 686 2082 cedet
710 2009 876 2106 profecto
899 2006 1026 2081 virtuti
1050 2006 1169 2094 dolor,

130 2127 167 2181 et
191 2107 303 2188 animi
333 2106 545 2184 inductione
574 2109 787 2205 languescet.
836 2110 915 2182 Aut
943 2107 1041 2180 enim
1068 2107 1170 2180 nulla

130 2207 246 2280 virtus
262 2208 326 2296 est,
343 2223 405 2280 aut
422 2209 703 2280 contemnendus
722 2205 839 2279 omnis
856 2207 971 2282 dolor.
1004 2206 1167 2278 Pruden-

128 2305 268 2380 tiamne
291 2306 343 2378 vis
368 2306 451 2392 effe,
473 2305 546 2378 fine
571 2329 643 2402 qua
666 2330 712 2378 ne
740 2302 896 2401 intelligi
922 2302 1071 2400 quidem
1094 2304 1170 2376 ulla
1257 2351 1262 2360 ·

131 2402 253 2480 virtus
268 2405 379 2501 potest
394 2407 407 2478 l
452 2403 553 2478 Quid
578 2427 663 2502 ergo
681 2405 693 2475 l
730 2427 771 2476 ea
794 2401 993 2499 patieturne
1010 2419 1047 2474 te
1063 2399 1169 2498 quic-

126 2659 163 2718 Ε.
189 2659 234 2720 cd.
263 2658 336 2718 Gen.
376 2657 624 2716 ΕΎΧΟΜΕΝΩΝ
673 2653 746 2712 Vide
759 2654 792 2711 fis
805 2653 924 2710 eundem
935 2650 966 2708 iu
976 2648 1167 2720 Hermotimo,

126 2737 247 2820 filhan
280 2737 299 2816 r}
331 2735 447 2812 τάληθῆ
472 2733 623 2815 λεγόντων.
673 2753 702 2810 p.
718 2735 845 2812 559.ed.
860 2733 954 2792 Amst.

126 2819 202 2878 Vult
234 2830 331 2878 autem
361 2821 450 2877 noster
480 2819 623 2875 Zenonem
711 2823 726 2849 ¹
745 2818 773 2871 A
853 2810 1072 2890 tur-asciscat]
1094 2812 1170 2869 Vul-

130 2919 189 2956 rem
207 2909 321 2958 tanturn
342 2921 399 2958 non
420 2893 553 2956 ἀδύνατον
573 2915 625 2974 po·
673 2913 721 2970 go,
746 2891 1075 2972 operantur-adsciscit.
1114 2893 1188 2950 Sed·

132 2997 214 3048 ιιι-τες
234 2981 280 3039 sed
305 2981 333 3038 id
361 2980 437 3056 quod
465 2978 545 3055 ponit
568 2995 624 3034 non
672 2973 794 3051 arlsoscat
813 2975 851 3031 est
871 2993 888 3030 a
905 2973 978 3048 Reg.
991 2970 1169 3048 aliisqueco·

128 3061 246 3119 omnino
264 3061 460 3120 demonstrare.
503 3059 548 3116 Sic
561 3057 624 3114 Pla·
673 3056 804 3125 dicium
824 3052 1016 3111 utneceffario
1031 3053 1168 3111 mutanda

126 3149 159 3198 to
171 3143 207 3198 de
220 3141 294 3219 Rep.
309 3153 380 3200 tom.
389 3141 408 3200 i.
419 3141 468 3197 lib.
479 3159 506 3196 v.
517 3159 546 3214 p.
554 3156 624 3212 340.
673 3135 758 3194 fuerit
772 3155 826 3192 vox
839 3135 940 3212 prima.

125 3225 171 3280 ed.
187 3223 309 3280 Cautab.
342 3217 402 3278 Οὐκ
423 3213 479 3278 aino
498 3212 625 3276 dluraroi
713 3225 728 3264 Υ
757 3215 869 3292 Frangi,
896 3213 1026 3272 debilitati
1054 3211 1164 3288 dolore]

125 3323 174 3380 γε,
192 3299 240 3360 tili
265 3306 405 3360 ΕΤΧΑΙΣ
424 3282 509 3380 'iptio
529 3299 623 3377 ένομο-
672 3296 779 3372 Vulgo,
804 3295 944 3362 debilitari,
968 3295 1069 3354 dolere.
1114 3295 1166 3352 Sed

127 3382 264 3462 ἓετέμεν.
298 3383 337 3440 Et
348 3393 417 3439 torn.
432 3383 463 3438 ii.
478 3381 527 3437 lib.
541 3379 580 3435 vi.
595 3399 624 3455 p.
672 3379 790 3434 omnino
803 3377 962 3453 legendum,
976 3385 1061 3451 prout
1077 3375 1167 3454 edidi·

126 3481 178 3536 44.
207 3454 290 3521 oleo
303 3458 360 3541 γάρ
375 3458 410 3521 ola
421 3457 499 3541 ἡμεῖς
514 3454 624 3525 δικαίως
672 3475 747 3525 mue,
769 3459 844 3533 quod
869 3455 942 3514 reele
963 3455 1035 3513 vidit
1058 3456 1167 3513 Manu·

126 3538 371 3623 καταγελώμεθα,
392 3537 428 3610 ὠς
450 3535 540 3608 α’)λως
561 3543 622 3595 ΕΤ·
671 3538 739 3594 tiua.
779 3537 909 3595 Adi-lib.
924 3536 954 3592 ii.
969 3536 1004 3593 de
1017 3535 1082 3593 Fin.
1100 3555 1165 3613 cap.
1286 3545 1289 3551 ’

125 3627 221 3681 ΧΑΙΣ
236 3619 320 3702 ὅμοια
338 3620 478 3703 λέγοντες.
515 3621 621 3678 Eodem
671 3619 751 3676 xxix.
766 3627 795 3674 et
808 3615 924 3693 hujusce
937 3616 1002 3674 libri
1015 3635 1040 3674 c.
1055 3615 1132 3672 xxvi.

122 3702 205 3762 seusu
226 3701 287 3782 trapi
306 3701 355 3779 τῆς
374 3700 481 3768 πόλεως
495 3704 621 3758 ΕὙΧΑΣ
679 3741 681 3746 2
712 3705 726 3734 ²
748 3698 828 3755 Dum
854 3693 1163 3772 honestas-continebis]

123 3782 261 3863 εἰρηκέναι
279 3783 359 3854 dicit,
377 3784 425 3842 lib.
439 3783 490 3840 tii.
510 3801 538 3858 p.
556 3794 621 3858 152.
671 3779 777 3855 Vulgo,
789 3788 853 3836 tum
867 3778 987 3853 honestas,
1000 3787 1064 3832 tum
1077 3773 1166 3851 digrei-

123 3865 272 3923 Luciauue
288 3865 322 3922 de
340 3864 463 3924 mercede
482 3861 622 3920 Condudl.
671 3873 724 3926 tas,
736 3869 800 3916 tum
813 3858 888 3916 decus
902 3857 994 3923 aderit,
1008 3868 1085 3934 tuque
1097 3855 1165 3914 inca

126 3947 234 4006 tomi.
251 3965 281 4022 p.
296 3962 367 4022 450.
400 3936 622 4022 Εὖχῆγοὶρέοι-
672 3936 1027 4007 intueberia,tcc0ntinebis.
1067 3936 1166 3994 Atin-

126 4023 200 4082 κότα
213 4020 253 4099 εἴη
272 4023 365 4083 ταῦτα
377 4043 424 4103 γε.
466 4005 523 4080 llbi
537 4023 623 4081 Scho-
671 4019 911 4092 rumestaReg.
925 4027 953 4074 et
970 4015 1072 4075 Elieus.
1085 4017 1166 4078 Reli-

128 4105 219 4164 liatto
232 4106 352 4182 Regius,
362 4107 391 4163 al
401 4099 459 4182 peip
470 4099 554 4182 εὐχαὶ
565 4099 621 4160 ἐπὶ·
672 4121 739 4176 qua,
764 4099 811 4157 Cl.
831 4097 951 4155 Bentleii
974 4095 1162 4176 conjedluram

125 4204 186 4248 aar
204 4183 244 4246 rai
261 4181 390 4248 ἀδύνατα
406 4179 622 4266 wendilmarus.
670 4183 790 4250 secutus,
802 4177 958 4238 emendari.

692 4279 749 4338 14
858 4297 859 4300 =
