2817 4859
283 370 340 451 196
497 366 690 428 vosone.
716 362 1104 427 nrsrnrmrorvvn

282 544 356 604 erat
372 526 507 626 semper
522 528 617 601 idem
634 529 778 612 vultum
804 548 889 601 com
906 522 1299 623 mentit‚aqeaiah·

282 628 391 730 gitur,
410 629 508 700 nulla
524 628 625 701 fieret
641 625 804 701 mutatio.
847 626 966 699 Quare
983 623 1127 723 accipio
1137 622 1301 721 equidem
1395 632 1396 635 ’

282 754 303 800 a
326 725 530 825 Cyrenaicis
557 726 635 798 haec
669 748 767 797 arma
795 740 918 799 contra
945 723 1042 797 casus
1068 742 1104 796 et
1130 742 1303 797 eventura
1395 798 1396 805 ,

280 826 414 923 quibus
438 849 563 898 eorum
585 824 816 898 advenientes
838 825 990 922 impetus
1018 821 1185 897 diuturna
1212 844 1303 920 pne·

283 923 513 997 meditatione
544 925 772 1023 frangantur3
804 923 980 1020 simulque
1006 922 1143 1015 judico,
1170 923 1304 995 marm

282 1024 373 1097 illud
391 1020 568 1121 opinionis
581 1023 666 1109 effe,
684 1046 755 1097 non
772 1040 929 1094 naturae:
951 1020 1008 1091 rfi
1033 1019 1181 1093 enimin
1200 1018 1305 1093 reesa
1395 1062 1396 1073 κ

238 1144 245 1153 ·
282 1122 371 1207 sent,
390 1146 454 1194 cur
471 1122 598 1205 fierent
614 1120 753 1218 provisa
769 1118 902 1191 leviora
920 1120 934 1192 i
967 1120 1036 1191 Sed
1052 1120 1105 1191 est
1121 1116 1246 1190 iisdem
1263 1120 1304 1191 de

284 1221 388 1294 rebus
411 1222 509 1317 quod
536 1220 606 1292 dici
634 1220 740 1317 poffit
764 1217 948 1303 subtilius;
974 1216 1001 1289 fi
1031 1216 1127 1315 prius
1158 1212 1303 1313 Epicuri
1395 1254 1396 1257 ¹

282 1318 491 1392 sententiam
508 1316 723 1391 viderimus:
750 1318 811 1413 qui
834 1318 963 1406 censet,
980 1316 1117 1389 necess'e
1140 1316 1213 1388 effe
1229 1340 1304 1389 ome
1395 1340 1396 1401 j

282 1416 345 1491 nea
363 1416 399 1489 in
416 1416 627 1516 agritudine
645 1416 727 1506 effe,
745 1416 808 1515 qui
826 1416 859 1489 se
876 1417 913 1489 in
931 1413 1031 1487 malis
1048 1414 1117 1487 effe
1133 1413 1304 1488 arbitren.
1395 1436 1396 1441 ’

281 1533 364 1601 tur;
389 1516 461 1593 five
479 1515 539 1589 illa
554 1534 635 1589 ante
648 1514 787 1613 provisa
803 1532 838 1587 et
855 1515 1052 1611 exspedtata
1068 1514 1150 1601 svnt,
1163 1513 1237 1585 five
1252 1512 1304 1585 in⁴

281 1614 540 1689 veteraverint:
566 1640 649 1687 nam
666 1640 782 1711 neque
800 1613 971 1686 vetustate
989 1609 1101 1685 minui
1118 1612 1224 1702 mala,
1241 1634 1302 1685 nec
1395 1672 1396 1675 ,

282 1712 362 1789 fieri
394 1712 639 1813 praemeditata
665 1714 822 1786 leviora:
857 1712 1069 1808 stultamque
1099 1710 1207 1783 etiam
1241 1712 1304 1784 effe
1395 1748 1396 1801 3

282 1808 573 1887 'meditationem
598 1812 710 1886 futuri
741 1809 837 1896 mali,
864 1828 926 1883 aut
955 1808 1095 1882 forraffe
1124 1834 1169 1883 ne
1197 1810 1303 1883 funvi
1395 1820 1396 1861 ³

281 1908 454 2009 quidem:
482 1911 563 1985 satis
579 1910 648 1985 effe
665 1907 829 1983 odiosum
850 1908 983 1981 malum
1009 1932 1127 1998 omne,
1144 1930 1232 1982 cum
1244 1934 1303 1981 ve·
1395 1974 1396 1999 ς

282 2010 409 2083 nisset:
428 2009 489 2107 qui
506 2030 626 2082 autem
643 2011 778 2106 semper
794 2006 1016 2106 cogitaviffet
1033 2007 1190 2081 accidere
1212 2004 1304 2106 pofl'e

281 2106 419 2204 aliquid
435 2110 580 2199 adverfi,
594 2107 627 2181 ei
652 2106 730 2181 fieri
757 2107 847 2179 illud
872 2105 1123 2203 sempiternum
1147 2110 1302 2179 malum:
1395 2178 1396 2201 ξ

280 2206 310 2282 fi
326 2231 411 2281 vero
428 2232 473 2281 ne
498 2207 658 2280 futurum
681 2206 828 2304 quidem
843 2204 900 2290 fit,
918 2206 1043 2277 frustra
1058 2204 1194 2303 suscipi·
1204 2204 1304 2279 mites
1395 2218 1396 2251 ἒ

282 2304 370 2380 riam
386 2304 621 2380 voluntariam
639 2336 648 2380 ε
676 2303 726 2377 ita
742 2305 877 2401 semper
893 2302 989 2401 angi,
1006 2320 1066 2377 aut
1083 2303 1304 2401 accipiendo,
1395 2318 1396 2365 i

281 2422 342 2477 aut
358 2403 551 2503 cogitando
570 2406 675 2478 malo.
728 2402 959 2477 Levationem
985 2421 1104 2475 autem
1120 2401 1305 2500 aegritudi·

281 2501 337 2575 nis
355 2504 391 2575 in
418 2505 554 2576 duabus
572 2506 675 2576 rebus
690 2501 795 2599 ponit
810 2533 819 2587 ;
846 2499 1052 2574 avocatione
1080 2527 1099 2574 a
1117 2502 1304 2599 cogitanda
1395 2504 1396 2581 ᾗ

282 2598 454 2689 molestia,
472 2620 507 2673 et
531 2600 755 2673 revocatione
773 2602 817 2673 ad
835 2600 1122 2697 contemplandas
1138 2602 1302 2699 volupta-
1395 2624 1396 2697 ;

282 2718 359 2771 tes:
384 2722 505 2809 parere
532 2700 628 2771 enim
657 2698 775 2772 censet
802 2696 960 2771 animum
984 2697 1109 2774 rationi
1138 2701 1251 2797 poffe,
1273 2718 1305 2775 et
1395 2714 1396 2717 ’

281 2819 355 2893 quo
385 2799 446 2871 rlla
471 2798 581 2871 ducat
614 2796 723 2896 sequi.
775 2794 918 2871 ¹¹¹Vetat
946 2796 1054 2895 igitur
1082 2823 1149 2872 nos
1174 2796 1304 2873 intueri

322 3040 390 3103 ¹1Si
409 3044 476 3103 terim
497 3046 527 3103 in
548 3066 576 3103 re
598 3040 684 3124 efferat]
711 3046 771 3104 Aut
821 3047 943 3104 maloram
964 3056 991 3105 et
1010 3047 1255 3125 paervffltativnem
1272 3066 1309 3107 rc·
1395 3084 1396 3121 ἦ

280 3125 379 3201 paullo
391 3136 456 3182 ante
473 3146 539 3185 eum
554 3126 771 3204 praestantissimo
820 3148 876 3183 rum
887 3129 1045 3202 saturatam
1058 3128 1135 3186 dixit
1148 3127 1264 3203 hujusce
1275 3129 1308 3185 li·
1395 3126 1396 3189 i

282 3204 410 3264 Bentleio
423 3207 772 3284 legendum.strnulquaju·
820 3208 861 3263 bri
874 3226 955 3284 capp.
970 3208 1027 3264 xiv.
1042 3208 1099 3266 xvi.
1140 3210 1191 3267 Sed
1208 3207 1306 3288 optimi
1395 3224 1396 3241 ³

281 3282 337 3343 dico
349 3286 420 3343 mala
432 3286 490 3353 illa,
499 3296 549 3344 aut
562 3287 608 3344 hic
620 3306 654 3343 ex
668 3285 771 3345 Eiiens.
820 3286 884 3346 libri
906 3308 962 3345 non
983 3289 1136 3347 addicunt:
1160 3290 1234 3348 nihil
1258 3291 1308 3346 ita·
1395 3282 1396 3303 ¹

281 3363 333 3423 see.
347 3366 558 3435 rescribendum,
564 3368 597 3441 fi
606 3368 671 3424 enim
692 3368 722 3423 in
743 3386 771 3423 te
820 3384 875 3445 que
890 3388 996 3426 moveo.

282 3446 360 3505 mala
377 3445 459 3525 efferat.
499 3448 532 3503 Iu
551 3466 578 3503 rc
595 3446 671 3503 enim
685 3448 772 3523 proba
861 3456 881 3485 ¹¹¹
907 3448 980 3505 Vetat
992 3448 1074 3525 igitur
1087 3468 1138 3507 noa
1151 3448 1246 3507 intueri
1257 3469 1309 3509 utv-

282 3525 321 3583 est
333 3524 465 3601 loquendi
481 3526 561 3595 ratio,
576 3546 626 3585 nec
639 3527 697 3585 ullo
711 3547 772 3585 nro·
820 3528 914 3602 lesrtas]
937 3528 1041 3605 Vulgo,
1055 3542 1130 3589 ωηατ
1144 3530 1228 3606 igitvr
1241 3529 1311 3587 ratio

281 3606 434 3663 detentari
447 3607 538 3664 debet.
563 3607 673 3673 Noster,
686 3607 771 3667 Tnsc.
820 3608 912 3667 intueri
926 3606 1055 3683 molestias.
1098 3610 1138 3667 At
1154 3611 1209 3668 boe
1225 3610 1261 3667 de
1274 3610 1310 3667 E·
1395 3614 1396 3651 i

283 3684 326 3743 iii.
336 3704 388 3759 30.
417 3684 543 3763 Cogitatio
556 3687 637 3762 igitur
647 3687 772 3747 diarum
821 3688 928 3764 picuro,
941 3708 997 3747 non
1011 3690 1045 3746 de
1059 3690 1175 3756 ratione,
1189 3690 1308 3760 dicimv;
1395 3696 1396 3741 i

282 3764 450 3845 nibilefflrrv
467 3766 680 3833 aemulamini
691 3768 773 3826 meda·
821 3778 989 3845 quapropter
1008 3779 1058 3827 aut
1078 3771 1228 3848 recipiatur
1240 3788 1311 3847 pra·
1395 3762 1396 3825 i

225 3893 229 3901 ,
282 3843 770 3907 tar.Videetiamliamdnaaliin.
820 3848 971 3907 stantiffimi
994 3849 1109 3907 Bentleii
1133 3850 1311 3911 emendatior
1395 3848 1396 3899 ἓ

283 3944 311 3981 v.
324 3944 374 3998 39.
387 3938 415 3985 et
428 3929 569 3993 Senecam,
584 3926 669 4003 Epist.
682 3928 748 3985 xcii.
820 3939 871 3987 aut
895 3948 948 3987 vox
977 3929 1026 3988 ilia
1050 3950 1101 4007 pro
1131 3931 1310 3997 librariorum

321 4002 566 4064 iMeditationem
582 4006 674 4082 flaturi
692 4008 769 4082 malr]
819 4009 1009 4067 additamento
1037 4007 1190 4081 habeatem
1224 4028 1311 4085 eaque

283 4082 385 4142 Eliens.
400 4106 442 4162 pr.
458 4087 509 4145 sec.
521 4086 772 4163 praemcddatimrem.
820 4088 929 4165 prorsus
963 4090 1068 4159 omissa,
1100 4091 1210 4168 legatur
1237 4102 1311 4149 aetat

282 4164 328 4221 Sic
353 4165 596 4242 praermditationcm
619 4169 773 4245 futurorum
821 4170 902 4245 igitur
914 4172 1006 4229 intueri
1019 4172 1149 4247 molestias·
