2817 4859
274 339 333 402 οὔ
479 337 671 398 TUSCUL.
696 333 1086 396 DISPUTATIONUM

273 521 391 574 rerum
416 497 573 568 tollenda
596 495 744 568 omnino
769 495 968 593 aegritudo:
994 497 1075 568 utli
1103 499 1184 592 quis
1200 517 1294 594 aegre

272 599 372 684 ferat,
392 596 424 668 se
441 620 629 692 pauperem
645 596 741 667 else:
769 592 851 667 idne
867 594 1034 692 disputes,
1051 612 1297 692 paupertatem

273 697 406 770 malum
424 719 495 765 non
512 694 594 780 elle,
607 717 651 764 an
670 692 852 766 hominem
868 717 961 789 aegre
979 693 1068 765 ferre
1085 691 1174 764 nihil
1188 718 1299 790 opor-

272 813 357 868 tere.
407 790 589 865 N'unirum
615 792 685 862 hoc
705 792 856 864 melius:
878 816 940 880 -ne,
966 792 993 862 st
1019 792 1109 863 forte
1136 793 1181 863 de
1197 789 1300 888 pau·-

273 910 409 992 perrate
435 915 507 962 non
536 889 754 987 persuaseris,
785 891 829 962 fit
855 889 1059 988 aegritudini
1093 891 1297 962 conceden-

274 995 385 1064 dum:
424 988 635 1085 aegritudine
664 1006 784 1061 autem
810 989 945 1062 sublata
968 987 1118 1086 propriis
1148 987 1299 1061 rationi-

275 1093 355 1173 bus,
381 1088 509 1184 quibus
530 1087 605 1159 beri
632 1088 685 1160 ufi
711 1088 844 1178 sumus,
869 1089 1026 1186 quodam
1052 1089 1161 1160 modo
1187 1088 1299 1161 etiam

272 1186 487 1289 paupertatis
505 1188 638 1258 malum
652 1187 803 1260 tollitur.

322 1286 501 1358 XXVlll.
526 1287 598 1357 Sed
613 1285 728 1358 orunis
750 1286 920 1380 ejusmodi
946 1285 1162 1384 perturbatio
1182 1279 1296 1358 animi

299 1385 473 1458 locatione
498 1385 660 1456 abluatur
684 1383 746 1456 illa
770 1383 928 1481 quidem,
957 1409 1040 1456 curn
1064 1386 1203 1473 doceas,
1227 1409 1300 1457 neo

273 1411 411 1558 bonum
426 1483 517 1556 illud
533 1483 615 1568 effe,
636 1507 682 1554 ex
698 1508 772 1579 quo
790 1484 913 1556 laetitia
928 1501 990 1556 aut
1006 1481 1120 1556 libido
1136 1483 1297 1557 oriatur:

274 1607 342 1658 nec
368 1583 514 1666 malum,
532 1605 578 1653 ex
602 1605 676 1677 quo
696 1600 758 1654 aut
774 1599 888 1655 metus
905 1599 965 1655 aut
982 1579 1170 1680 aegritudo.
1222 1581 1297 1654 Ve-

274 1699 473 1756 rumtamen
494 1681 571 1753 haec
596 1680 649 1750 est
673 1699 768 1754 certa
791 1699 826 1753 et
849 1679 990 1778 propria
1015 1679 1205 1767 sanatio‚sr
1227 1680 1297 1753 do-
1374 1693 1379 1704 '

274 1803 365 1864 teas,
391 1779 480 1877 ipsas
505 1777 784 1876 perturbationes
810 1780 930 1877 perse
957 1779 1025 1852 else
1049 1778 1202 1866 vitiosas,
1227 1803 1297 1868 neo

274 1877 406 1953 habere
423 1878 618 1974 quicquam
642 1895 703 1950 aut
728 1879 883 1951 naturale
899 1893 960 1952 aut
976 1879 1228 1951 neceffarium:
1255 1897 1298 1951 ut

272 1971 384 2073 ipsam
416 1975 664 2072 aegritudinem
695 1975 797 2050 leniri
830 1974 1015 2062 videmus;
1055 2001 1139 2051 cum
1165 1975 1296 2070 objici*

274 2097 353 2148 mus
378 2073 610 2146 merentibus
637 2073 920 2148 imbecillitatem
947 2073 1055 2148 animi
1086 2073 1298 2165 effeminati,

274 2194 429 2268 cumque
459 2197 582 2246 eorum
608 2172 817 2270 gravitatem
841 2173 1145 2270 constantiamque
1169 2175 1296 2246 lauda·

273 2295 366 2358 mus,
383 2270 447 2366 qui
465 2296 537 2343 non
553 2273 757 2346 turbulente
776 2273 928 2346 humana
944 2273 1130 2370 patiantur.
1181 2273 1296 2345 Quod

275 2369 422 2466 quidem
447 2370 533 2442 solet
559 2367 609 2442 eis
634 2374 740 2444 etiam
765 2370 939 2458 accidere,
960 2371 1022 2470 qui
1040 2371 1100 2442 illa
1116 2372 1210 2443 mala
1226 2371 1297 2444 effe
1405 2397 1406 2405 ¹

273 2469 429 2551 censent,
463 2469 608 2540 ferenda
636 2486 756 2544 tamen
784 2495 887 2567 aquo
919 2469 1038 2543 animo
1068 2468 1295 2544 arbitrantur.

274 2564 381 2638 Putat
406 2565 530 2662 aliquis
555 2567 624 2638 effe
642 2571 862 2665 voluptatem
887 2571 1035 2658 bonum,
1060 2567 1149 2640 alius
1173 2587 1296 2642 auteur

271 2663 485 2760 pecuniam3
512 2680 631 2736 tamen
655 2685 691 2738 et
717 2667 777 2739 ille
802 2669 847 2740 ab
872 2661 1209 2766 intemperantia,'et
1234 2667 1296 2739 hic·

182 2771 196 2794 ⁸
272 2761 318 2834 ab
335 2761 479 2834 avaritia
498 2761 637 2836 avocari
661 2766 787 2859 potest.
841 2768 906 2842 llla
929 2784 1047 2840 autem
1072 2767 1179 2846 altera
1206 2763 1296 2838 ratio

272 2878 307 2932 et
323 2858 448 2944 oratio,
472 2885 553 2958 quae
578 2861 684 2945 simul
708 2881 744 2937 et
769 2864 973 2963 opinionem
999 2859 1121 2938 falsam
1144 2863 1241 2936 tollit
1257 2879 1295 2935 et

272 2958 520 3054 aegritudinem
553 2962 716 3051 detrahit,
745 2965 823 3036 ‘lest
855 2989 895 3035 ea
924 2961 1071 3060 quidem
1104 2962 1294 3046 subtilior;

271 3055 331 3126 sed
356 3082 432 3128 raro
459 3057 618 3156 proficit,
635 3083 751 3156 neque
781 3063 906 3138 estad
922 3063 1051 3160 vulgus
1076 3061 1292 3134 adhibenda.

271 3153 448 3226 Quaedam
474 3173 593 3228 autem
619 3157 700 3230 suut
724 3185 755 3232 ae
783 3155 963 3250 ritudiries,
980 3185 1067 3258 quas
1090 3161 1207 3233 levare
1232 3161 1294 3232 illa

269 3251 446 3325 medicina
462 3253 562 3325 nullo
578 3258 689 3329 modo
704 3185 822 3355 poifit.
873 3253 927 3331 Ut
943 3260 970 3330 fi
985 3245 1064 3355 quis
1081 3283 1173 3356 aegre
1188 3257 1290 3344 ferat,

179 3539 182 3546 -
267 3500 333 3557 darn
362 3498 507 3558 leelionem
533 3499 593 3558 uiro
617 3501 699 3560 doeio
726 3504 754 3580 J.
803 3523 863 3573 um,
888 3505 964 3582 quod
994 3504 1149 3582 pollicetur
1170 3503 1292 3580 pbiloso-

268 3574 312 3636 M.
331 3579 419 3636 Bruto
441 3581 578 3658 optimam
595 3583 681 3641 videri
702 3601 752 3659 po·
803 3585 881 3661 plrie,
913 3583 1093 3644 censeamur?
1133 3587 1183 3642 Sed
1219 3585 1290 3641 nihil

266 3658 355 3718 tuille.
382 3659 463 3717 Quid
475 3661 571 3718 enirn?
592 3663 754 3722 Cuurmor·
802 3665 892 3722 verbis
910 3665 949 3723 est
971 3683 1041 3742 opus
1052 3689 1061 3736 ς
1091 3681 1133 3722 ree
1156 3663 1214 3742 ipsa
1234 3665 1290 3722 cla-

266 3737 308 3795 bis
322 3740 478 3798 animorum
493 3743 621 3798 curandis
642 3744 753 3802 incum-
803 3756 873 3813 mat,
888 3741 925 3802 nl
937 3741 1016 3820 πάθη
1035 3765 1090 3803 oon
1111 3743 1162 3803 elle
1181 3743 1291 3802 tolerar-

267 3817 370 3887 bimus,
391 3818 427 3878 air
445 3821 556 3898 expedit
569 3822 696 3880 omniurn
712 3843 753 3881 re·
802 3823 847 3892 da,
866 3824 911 3882 sed
931 3824 1051 3895 tollenda,
1069 3828 1087 3886 st
1108 3827 1191 3884 modo
1212 3824 1292 3881 rolu-

266 3915 329 3954 rurn
349 3899 544 3974 aegritudinem
553 3901 658 3976 ferre?
692 3904 755 3974 An,
803 3923 866 3962 mue
880 3905 913 3962 iis
927 3905 977 3964 else
990 3906 1078 3964 liberi.

265 3975 334 4034 dum
349 3979 521 4052 quiescemus
533 4001 583 4039 nec
594 3981 753 4042 animorum
842 3993 856 4034 ‘¹
877 3985 923 4057 Est
932 4005 963 4042 ea
975 3985 1073 4064 quidem
1084 3981 1225 4056 subtilior]
1247 3981 1291 4042 sie

266 4072 398 4114 conemur
410 4061 521 4120 amoliri
540 4064 659 4131 morbos,
673 4064 763 4122 adhi·⁴
802 4065 908 4140 optime
930 4067 977 4130 Cl.
1000 4065 1150 4126 Bentleius.
1185 4063 1292 4139 Vulgo,

265 4131 328 4191 bere
350 4141 607 4214 perturbationibus
636 4143 754 4203 remedi·
801 4144 895 4206 utilior.
