2817 4859
264 327 324 404 484
580 323 956 388 EMENDATIONES

271 504 467 570 GESTIENS
487 517 512 564 et
533 503 620 565 libido.
661 505 706 564 Sic
730 524 794 583 cap.
815 505 855 564 vi.
887 503 999 563 Laetdia
1016 499 1126 580 gestias
1146 499 1197 560 uel
1213 500 1303 559 ninia.

267 625 329 683 cap.
346 605 394 661 vii.
416 601 525 682 Prosusa
537 601 667 660 hilaritas.
694 621 757 679 cap.
772 601 830 661 xvi.
850 601 941 660 Inanir
960 597 1095 658 alacritas.
1121 616 1185 675 up.
1199 597 1303 657 xxxiii.

269 701 412 780 Ersultens
423 699 574 780 gesliensque
587 699 690 760 latitia.
719 701 823 776 iv.14.
844 699 952 778 lipolens
972 698 1108 758 alacritas.
1140 699 1218 774 lege
1238 715 1306 774 ergo

143 845 146 854 .
268 801 385 858 hicnon
400 799 467 856 adeo
482 817 586 876 magna
600 798 767 863 mutatione,
779 796 840 855 Sine
853 798 989 856 alacritate
1000 797 1027 855 F
1026 795 1079 854 ΠΤ
1078 795 1139 853 IL!
1144 819 1155 851 .·
1174 794 1306 853 ntTnsc.

267 917 296 954 n.
312 895 341 954 6.
364 893 444 954 FUT
441 891 533 952 [Las
550 891 651 951 laetitiae
670 907 694 950 et
713 891 877 971 exsultantes.
908 891 946 948 iu.
967 905 1010 968 17.
1036 891 1092 948 Nec
1101 890 1224 967 fitienter
1241 887 1309 968 quid

267 1004 384 1072 tapetem
398 989 488 1050 ardeat
501 987 625 1068 defitient,
639 1008 683 1046 net
695 987 950 1048 ALACRITATE
966 985 1106 1046 FUTlLl
1114 985 1224 1063 gestiens
1241 984 1307 1044 dcti-

268 1089 379 1170 ruscu-

310 1187 383 1264 Cap.
397 1185 465 1243 xvii.
486 1185 549 1260 Qu
568 1183 618 1242 laco
637 1203 734 1264 quaero,
754 1204 832 1264 quarn
851 1184 912 1242 rsirt'
929 1181 1023 1241 babeat
1036 1181 1104 1241 libre
1117 1179 1165 1238 illa
1182 1179 1306 1248 Critolai,

269 1285 316 1364 qui
327 1303 383 1341 tun
395 1284 423 1342 in
437 1281 547 1342 alteram
565 1281 663 1340 lancem
682 1283 763 1341 anirni
783 1281 848 1342 bone
860 1281 981 1362 inponat,
996 1283 1022 1339 in
1036 1281 1146 1339 alterurn
1158 1277 1270 1358 carparis
1281 1291 1307 1334 et

268 1393 394 1445 marnas
415 1391 516 1438 tanturn
523 1375 675 1458 prrpmdere
686 1379 759 1437 illurn
771 1377 839 1438 boni
853 1377 948 1438 lancem
958 1392 1040 1458 putet,
1054 1392 1085 1434 ut
1097 1391 1193 1435 terrant
1208 1391 1233 1432 et
1247 1395 1306 1431 rna·

190 1513 197 1524 =
267 1477 311 1536 πὶ
327 1473 453 1556 deprimat
464 1475 498 1550 l]
519 1475 600 1534 Quid
625 1475 695 1534 illud
715 1477 762 1544 est,
782 1475 859 1552 quod
879 1475 937 1533 boni
955 1474 1052 1534 laneum
1071 1475 1163 1532 dicit?
1184 1492 1252 1530 cum
1274 1471 1303 1528 in

268 1581 387 1650 utraque
401 1571 480 1630 lance
493 1569 597 1628 fuerint
610 1569 696 1636 bonas
718 1572 747 1629 in
763 1571 811 1629 illa
826 1570 892 1629 bona
904 1571 994 1639 animi,
1005 1571 1033 1628 in
1048 1573 1101 1628 hac
1115 1567 1182 1626 bana
1196 1567 1305 1646 eorporis

266 1683 293 1732 et
314 1683 428 1728 masta.
469 1667 597 1726 Hoccine
620 1687 637 1726 a
659 1677 701 1724 tot
725 1667 878 1726 editoribus
898 1667 1060 1726 doctissimis
1079 1676 1140 1723 tarn
1164 1665 1306 1743 patienter

267 1767 356 1828 ferri?
390 1769 466 1846 Lege
490 1786 563 1834 sero,
584 1767 697 1825 Tantum
714 1763 865 1846 propendere
885 1763 958 1823 illam
979 1783 1074 1823 natur
1099 1763 1199 1820 lancem
1216 1775 1301 1840 putet.

269 1865 325 1924 vel
338 1863 398 1924 dele
412 1863 478 1932 batti,
491 1873 520 1922 et
539 1861 635 1928 scribe,
650 1863 764 1922 Tantum
776 1859 927 1941 propendere
939 1861 1012 1919 illam
1030 1861 1127 1918 lanan
1135 1872 1234 1939 putet;
1263 1861 1302 1917 li·

268 1963 339 2032 lam,
358 1964 412 2021 hoc
430 1961 478 2030 est,
498 1979 584 2038 quarn
606 1959 728 2039 priorem
748 1959 915 2018 nominauit.
954 1959 1054 2018 Noster
1077 1959 1111 2016 de
1133 1959 1198 2030 Eia.
1212 1978 1240 2014 v.
1253 1975 1301 2031 30·

269 2057 377 2118 Audebo
394 2057 476 2134 igitur
494 2071 587 2116 eaetera
608 2077 667 2136 quae
678 2053 820 2134 secandune
838 2065 961 2114 naturane
972 2053 1037 2134 sum
1058 2055 1134 2113 Boua
1154 2053 1301 2134 appellare,

272 2155 383 2218 Vastatis
396 2165 481 2213 autem
500 2151 690 2234 amplitudinem
704 2155 778 2233 quast
788 2153 816 2210 in
827 2153 912 2212 altera
930 2153 1006 2212 libne
1018 2153 1090 2211 lance
1104 2169 1199 2234 ponere
1207 2178 1218 2209 .·
1241 2153 1301 2211 Ter·

268 2273 337 2320 rant,
352 2251 414 2310 mibi
424 2249 503 2322 nete,
516 2270 549 2308 ea
562 2251 627 2308 lanx
641 2263 666 2309 et
679 2251 764 2308 maria
781 2249 911 2328 Διγνίπιιί.
950 2249 1029 2308 Nota
1043 2259 1139 2308 autem
1152 2249 1304 2308 locutionis

270 2369 358 2428 genua
379 2343 520 2408 ἰδιωτικόν.
555 2347 586 2406 N
588 2367 634 2405 am
650 2347 679 2404 in
694 2347 801 2406 bilance
814 2369 878 2424 quae
893 2349 957 2404 lanx
970 2349 1175 2426 praeponderat,
1189 2369 1248 2406 non
1261 2345 1302 2405 dt·

263 2447 355 2527 praeiit
369 2447 531 2524 oppotitam,
543 2465 640 2502 verum
653 2443 752 2504 elevat.
783 2445 837 2503 Sed
850 2443 972 2522 vulgaria
985 2445 1118 2504 sermonis
1131 2466 1226 2505 errore
1238 2445 1303 2514 labi,

268 2544 353 2602 etiam
368 2541 484 2620 sapienti
498 2551 526 2599 et
539 2540 639 2600 diserto
651 2541 804 2600 concellum
818 2541 866 2602 est.

309 2641 381 2718 Cap.
396 2640 454 2697 xix.
476 2637 639 2696 Similemne
654 2653 735 2718 putas
757 2638 789 2697 C.
804 2637 883 2697 Laelii
901 2660 980 2697 unum
998 2639 1156 2718 carts'rdatuun
1166 2642 1262 2723 ῥιψὶ,
1279 2657 1304 2700 et

267 2755 326 2794 eun
338 2733 437 2813 quidem
458 2752 516 2790 eum
535 2731 636 2810 repulsa
651 2735 700 2808 (fic
713 2753 770 2790 nun
781 2733 886 2814 ffipims
899 2747 924 2792 et
938 2733 1015 2792 banus
1027 2735 1074 2792 vir
1086 2735 1175 2813 qualis
1187 2737 1234 2796 ille
1242 2737 1303 2816 suit

259 2829 400 2907 suffragiis
415 2827 574 2906 praeteritur,
586 2847 635 2884 nou
651 2828 759 2906 populus
778 2847 797 2886 a
817 2827 878 2887 bona
896 2829 993 2906 consule
1007 2831 1105 2908 potius,
1121 2852 1203 2910 quan
1223 2833 1303 2892 illeu

270 2930 344 2986 bono
357 2924 450 3006 populu
468 2924 592 3003 repulsam
602 2923 676 2998 sert)
688 2923 742 3002 sed
751 2939 836 2983 tanen
848 2937 935 2982 utrum
947 2925 1036 2984 malles
1051 2925 1120 3002 den]
1141 2928 1244 2988 Multa
1257 2931 1302 2988 hic

270 3023 416 3080 medicinae
436 3021 581 3099 indigent:
604 3021 731 3080 Primum
747 3021 866 3081 Sinile‘ne
884 3023 978 3101 potino
997 3025 1113 3101 legerim
1127 3044 1164 3083 ex
1178 3027 1301 3087 meliori-

268 3121 322 3178 bus
336 3118 430 3176 tibris:
452 3119 551 3176 deinde
565 3117 634 3176 illud
650 3119 703 3186 stc,
718 3120 794 3196 quod
808 3121 918 3197 primae
931 3119 1043 3178 induxit
1053 3121 1232 3196 Gebhardns,
1246 3145 1301 3184 noo

267 3217 305 3275 est
320 3217 416 3276 nanci.
453 3218 529 3274 Cum
550 3218 626 3274 enirn
641 3219 723 3276 uerba
743 3220 802 3275 haec
822 3220 875 3276 fint
893 3217 1057 3296 corrigentis
1070 3217 1107 3290 le,
1120 3221 1149 3278 in
1164 3243 1209 3291 eo,
1227 3223 1301 3300 quod

267 3314 388 3372 Laelium
403 3311 526 3392 rapulam
541 3311 624 3392 tulisti
639 3313 755 3381 dixerat,
773 3308 871 3373 rd'Sic
889 3316 999 3373 nullum
1019 3316 1065 3375 hic
1084 3317 1178 3374 iocum
1200 3321 1302 3377 haben

267 3415 365 3500 potest.
405 3413 509 3471 Priores
528 3411 662 3471 editioneu
682 3413 745 3470 aliae
767 3411 847 3472 SED
858 3433 916 3470 cum
926 3414 1043 3492 firpiens,
1055 3414 1119 3472 alite
1133 3415 1229 3474 ETSI
1244 3437 1302 3473 tuat

264 3513 383 3594 papiens.-
413 3529 533 3588 qnorum
557 3511 697 3572 utmmvis
722 3509 918 3570 Gebhardiano
942 3513 992 3571 illo
1015 3511 1131 3570 melino:
1160 3513 1180 3570 fi
1207 3515 1302 3582 modo,

266 3611 343 3688 quod
356 3608 472 3668 editores
485 3628 542 3667 non
557 3609 650 3666 vidisse
665 3609 796 3680 demiror,
809 3607 879 3668 iliad
896 3610 956 3668 Non
968 3609 1115 3687 ejiciatur,
1138 3611 1215 3687 quod
1231 3612 1303 3686 (illia

267 3707 374 3786 pofitis)
389 3703 530 3764 sententiae
544 3704 626 3782 plane
643 3716 790 3784 repugnat.
830 3707 876 3766 Sic
888 3707 965 3764 enim
978 3706 1128 3766 dicendum
1146 3718 1227 3767 erat:
1249 3707 1307 3766 set

267 3805 329 3880 (vel
343 3805 400 3882 etfi)
414 3803 582 3881 cumsupt'tns
595 3817 620 3861 et
634 3802 712 3862 borum
723 3805 770 3861 vir
778 3805 937 3882 ptaetmitur,
949 3803 1057 3883 pupulus
1065 3804 1151 3884 patius
1167 3827 1186 3864 a
1201 3804 1299 3882 Confit-

264 3899 298 3966 le,
310 3919 388 3978 quarn
400 3897 443 3957 ille
459 3919 478 3957 a
495 3897 588 3978 pupula
605 3899 730 3978 repulsam
739 3900 809 3975 sert.
849 3901 902 3958 Sed
914 3901 972 3958 duo
984 3901 1087 3978 optimi
1100 3903 1208 3960 codiceu
1221 3903 1300 3982 apud

265 3995 448 4054 Gebhardum
468 3994 500 4054 Si
519 4015 575 4054 cum
595 3999 747 4068 exhibent,
770 4017 834 4074 quae
855 3997 947 4066 tectio,
961 4001 998 4056 ab
1018 3999 1068 4057 illo
1079 3999 1200 4057 minime
1213 3999 1299 4058 intel·

266 4089 347 4160 totta.
361 4089 417 4150 sola
432 4111 497 4152 vera
509 4103 536 4152 et
551 4094 673 4172 genuina
685 4096 734 4154 est.
774 4095 820 4153 Sic
834 4096 909 4154 eninr
925 4095 1019 4156 locum
1033 4108 1126 4156 totum
1139 4097 1297 4158 constituo:
