2817 4859
146 1019 154 1034 .
240 954 353 1054 ‚phia
368 953 454 1026 licet
469 952 545 1025 uti:
573 975 727 1047 quorum
745 950 858 1026 oratio
873 949 963 1024 nihil
982 949 1055 1048 ipsa
1065 949 1222 1043 judicat,
1239 947 1298 1021 sed

136 2387 140 2397 .
265 2341 405 2411 clarum
429 2337 528 2435 quafi
548 2339 734 2411 decretum
760 2340 872 2412 beatae
888 2339 975 2410 vitae
995 2337 1107 2437 possit
1131 2339 1297 2412 omniurn

1404 1059 1405 1122 l

1233 3067 1253 3129 P
1303 3064 1309 3152 Ϊ

1276 3851 1292 3936 l

264 301 326 378 3⁶⁶
466 295 658 357 ruscun.
682 271 1073 354 orsrurnrronunr

265 457 446 556 Sapientes
460 457 531 530 esse
547 455 684 566 semper
700 453 937 529 beatiflimos:
965 453 1003 526 id
1020 445 1130 526 velim
1155 448 1289 544 audire,

265 557 572 657 quemadmodum
596 555 651 626 hm
675 573 778 654 putes
804 555 1079 627 consentaneum
1096 552 1166 626 esse
1185 551 1222 625 id
1241 553 1294 624 di-

264 681 374 732 cete:
410 655 525 728 multa
553 655 649 726 enim
679 678 700 726 a
726 671 761 726 te
792 672 916 728 contra
949 651 1051 726 istam
1084 649 1295 725 sententiam

264 757 366 829 didla
399 755 494 843 sunt,
526 771 563 826 et
594 751 799 826 Stoicorum
833 753 966 826 ratione
1001 749 1181 825 conclusa.
1236 743 1294 824 M.

265 857 423 928 Utamur
439 853 550 950 igitur
565 852 740 941 libertate,
758 877 829 950 qua
848 851 950 925 nobis
968 848 1049 924 solis
1072 848 1108 922 in
1134 849 1296 948 philoso-

266 1055 421 1128 babetur
435 1049 472 1122 in
491 1075 614 1122 omnes
639 1069 778 1148 partes3
805 1070 845 1124 ut
863 1053 907 1124 ab
925 1047 1001 1122 aliis
1018 1045 1302 1148 possn‘ipsaper,

266 1152 351 1241 sese,
383 1149 542 1223 rnullins
572 1151 782 1222 auetoritate
815 1149 996 1243 adjundla,
1024 1145 1193 1242 judicari.
1250 1147 1297 1220 Et

265 1249 437 1350 quoniam
453 1248 583 1322 uideris
609 1249 679 1320 hoc
695 1250 801 1338 velle,
817 1265 858 1320 ut
879 1271 1104 1348 quaecunque
1131 1243 1294 1319 dissenti-

265 1350 404 1424 entium
421 1346 716 1446 philosophorum
734 1345 905 1421 sententia
919 1347 965 1420 fit
986 1347 1031 1418 de
1057 1343 1226 1428 Finibus,
1245 1363 1281 1418 ta

264 1474 350 1522 men
366 1449 478 1522 virtus
501 1447 580 1519 satis
604 1447 734 1520 habeat
758 1445 930 1520 advitam
953 1447 1094 1520 beatam
1113 1443 1295 1542 praefidii:

264 1549 388 1648 ‘quod
410 1543 558 1645 quidem
577 1547 803 1619 Carneadem
828 1544 1005 1644 disputare
1029 1543 1175 1618 solitum
1191 1567 1295 1617 aece-

264 1645 408 1747 pimus:
435 1645 495 1718 sed
512 1643 552 1733 is,
570 1661 612 1717 ut
628 1660 753 1718 contra
768 1643 922 1730 Stoicos,
940 1669 1030 1742 quos
1047 1642 1297 1716 studiosissime

265 1747 404 1858 semper
420 1744 614 1828 refellebat,
631 1761 667 1816 et
684 1762 807 1818 contra
824 1769 980 1854 quorum
997 1743 1225 1840 disciplinam
1243 1741 1279 1814 in

265 1869 414 1944 gentum
438 1845 512 1939 ejus
528 1843 726 1917 exarserat:
754 1867 817 1915 nos
835 1844 924 1914 rllud
940 1841 1088 1941 quidem
1105 1865 1190 1914 curn
1210 1866 1296 1940 pace

267 1969 438 2043 agemus:
465 1941 492 2013 sr
511 1943 607 2014 enim
622 1941 735 2016 Stoici
755 1943 844 2014 fines
861 1943 1039 2016 bonorum
1058 1944 1155 2016 redte
1171 1941 1281 2038 posue

268 2060 365 2130 runt,
382 2040 550 2114 consedla
573 2065 626 2112 res
651 2041 702 2114 est
716 2069 726 2114 ε
742 2041 889 2114 necesse
917 2043 968 2114 est
993 2039 1129 2138 semper
1149 2043 1297 2114 beatum

169 2140 172 2149 ’
266 2143 338 2214 esse
355 2139 570 2238 Sapientem.
621 2141 692 2212 Sed
717 2165 916 2238 quaeramus
933 2163 1228 2239 unamquamque
1243 2165 1296 2212 re-

265 2239 450 2338 liquorum
475 2237 708 2324 sententiam3
735 2239 762 2310 fi
785 2237 864 2311 fieri
892 2240 1020 2336 potest,
1037 2259 1078 2311 ut
1105 2239 1176 2310 hoc
1206 2264 1279 2336 prae

267 2437 448 2511 sententiis
465 2456 501 2509 et
518 2436 713 2534 disciplinis
728 2439 933 2511 convenire.

316 2536 446 2608 XXX.
472 2537 564 2606 Sunt
586 2555 705 2608 autem
722 2537 823 2608 thaec
849 2539 894 2608 de
921 2537 1069 2622 finibus,
1084 2553 1127 2608 ut
1151 2535 1295 2634 opinor,

266 2651 414 2706 retentae
440 2631 666 2730 defensaeque
696 2634 905 2709 sententiae:
933 2634 1090 2733 primum
1115 2635 1295 2734 simplices

266 2751 419 2830 quatuor
434 2759 450 2804 ι·
470 2731 577 2804 Nihil
602 2733 752 2821 bonum,
776 2733 839 2808 nifi
866 2735 1069 2826 honesturn,
1087 2752 1128 2808 ut
1153 2734 1295 2810 Stoici:

303 2974 317 3003 ¹³
336 2967 444 3025 Nullus
453 2968 605 3032 ausloritate
616 2967 753 3046 aaeiy‘undo]
802 2967 860 3024 sino
870 2967 959 3026 visum
972 2991 979 3026 :
994 2977 1167 3048 quapropter
1176 2969 1298 3050 reponit,

265 3046 310 3106 cl.
323 3047 449 3104 Bentleio
463 3049 553 3125 placet
567 3048 669 3124 adjuta
802 3069 844 3105 nos
864 3049 942 3120 illius,
962 3049 1005 3106 vel
1027 3049 1137 3118 illorum,
1152 3071 1212 3108 cum
1254 3068 1297 3106 ace

303 3127 422 3184 ⁸0u0d
435 3127 533 3204 quidem
549 3127 754 3186 Canreadenr-
802 3147 916 3205 agemus.
958 3131 1045 3188 Quod
1072 3149 1136 3188 cum
1168 3129 1296 3198 faetere

263 3205 388 3265 msillud
404 3208 517 3283 quidem
540 3226 597 3264 cam
612 3225 676 3286 pace
689 3229 750 3286 age·
802 3209 855 3266 loci
870 3219 991 3268 mentem
1007 3230 1063 3268 non
1085 3213 1232 3288 percepisse
1249 3209 1296 3268 de·

264 3287 752 3361 mus11nnaclettioneninirest,
801 3289 907 3361 clarat;
939 3291 1000 3348 vult
1026 3292 1103 3349 enim
1131 3291 1243 3356 Noster,
1271 3289 1296 3348 se

265 3369 339 3444 quod
349 3387 393 3424 me
402 3368 474 3424 male
484 3369 599 3436 habeat3
614 3387 664 3425 nec
672 3371 752 3446 equi·
802 3370 910 3446 placide
931 3381 958 3428 et
978 3371 1080 3450 absque
1103 3371 1196 3432 nimio
1215 3371 1296 3430 aslu-

263 3451 326 3507 dem
335 3448 424 3514 video,
434 3448 503 3525 quid
513 3449 684 3506 Lambinum
697 3449 754 3507 irn-
801 3469 865 3508 rum
893 3451 999 3510 fervore
1011 3475 1020 3522 3
1047 3471 1114 3510 cum
1138 3453 1295 3515 Carneadea

212 3532 214 3535 ’
262 3529 376 3608 pulerit,
389 3538 421 3585 ut
439 3527 639 3586 rescribendum
659 3529 752 3588 cense-
801 3532 951 3589 violentiua
971 3541 999 3590 et
1018 3533 1180 3591 iracundius
1195 3533 1221 3590 se
1235 3531 1295 3610 gus-

262 3619 314 3676 ret,
329 3627 393 3666 noc
407 3607 508 3686 quidem
523 3607 680 3667 Carneadem
700 3610 752 3689 dis·
801 3611 874 3668 serit.
907 3613 953 3670 cl.
975 3623 1068 3673 autem
1091 3615 1233 3672 Bentleius
1255 3633 1296 3670 re·

257 3703 354 3767 putare
363 3689 471 3766 stasilum
489 3691 752 3766 accepimus-nos
801 3694 891 3768 ponit,
905 3713 948 3750 nos
962 3691 1030 3750 illud
1047 3693 1149 3774 quidem
1164 3695 1294 3754 omnium

262 3781 357 3826 autem
381 3767 449 3830 illud
469 3789 526 3826 cum
547 3785 613 3846 pace
634 3790 749 3847 agemus.
794 3789 861 3851 pace
874 3793 990 3850 agemus.

262 3848 415 3925 Receptam
426 3851 488 3908 sane
495 3847 659 3926 scripturam
670 3870 751 3908 max·
840 3857 849 3889 ¹
873 3853 946 3910 Haec
965 3852 997 3910 de
1007 3852 1279 3934 finibus-sententiae

262 3927 320 3984 imo
343 3929 473 3987 consensu
498 3940 612 3988 tuentur
633 3932 750 4000 codices,
799 3933 845 3991 Sic
863 3933 937 4010 Reg.
960 3935 1101 4004 Pithoean.
1118 3936 1204 3998 Med.
1225 3935 1294 3996 Pall.

262 4025 313 4062 nee
327 4007 511 4066 mutationem
526 4010 690 4086 quampiam
709 4031 750 4068 rea
799 4012 850 4070 sec.
863 4015 956 4089 quint.
969 4017 1105 4077 acVatic.
1119 4013 1293 4098 ’npyuireoip

261 4083 320 4162 ipsa
334 4086 453 4163 flagitat.
473 4091 567 4148 Aliter
579 4101 674 4149 tamen
692 4091 749 4149 Ur·
798 4093 905 4172 Vulgo,
918 4092 970 4155 hae.
1095 4117 1101 4126 ·
1185 4079 1197 4099 ⁰
1290 4094 1295 4110 “
