2817 4859
248 412 309 472 ⁴42
588 392 955 459 nurunsrsonas

250 590 300 628 uon
308 583 391 649 puto.-
402 568 528 651 Μαρια
541 568 595 643 ejus
607 570 703 648 vifiorre
715 584 740 629 et
750 571 835 649 specie
852 571 948 631 moveri
964 570 1072 631 hmines
1085 570 1140 633 asco
1152 572 1287 633 ochema·

250 672 319 739 tius;
341 669 497 747 dotemque
508 665 569 744 ejus
579 687 675 726 omnsm
687 666 734 747 effe
753 668 930 743 tolerabilem]
954 670 1043 738 Ouid,
1058 673 1168 740 amabo,
1182 672 1222 731 esi
1240 670 1287 729 do-

249 768 324 826 lorem
336 768 416 841 pres
437 786 540 844 nempe
551 768 675 825 dolorem
685 767 801 825 doloris.
826 768 911 827 Quod
925 788 991 827 cum
1004 770 1225 829 absordiffinrum
1240 772 1285 839 fir,

249 867 401 925 Manutius
412 876 442 923 et
455 864 613 923 Lambinus
624 865 772 931 dederunt,
787 864 953 945 nouemque
967 886 1013 925 ars
1026 888 1122 927 omnem
1133 869 1180 949 effi
1193 868 1286 927 tolna-

250 961 335 1024 dr'sesr.
375 960 470 1037 Atqui
495 962 558 1028 hoc,
581 969 615 1017 ot
644 959 851 1031 clenentiffime
876 962 979 1031 dicam,
1005 960 1206 1039 supervacuum
1234 963 1283 1021 est.

250 1060 395 1121 Quorsum
410 1060 486 1119 enim
499 1059 562 1115 sir?
597 1056 746 1115 Nimirum
761 1059 911 1117 suendum
925 1068 993 1125 erat,
1006 1079 1041 1117 ne
1060 1080 1116 1117 non
1129 1061 1164 1116 de
1177 1057 1286 1117 mini-

249 1160 307 1230 bus,
320 1158 366 1216 sed
382 1157 417 1214 de
435 1153 527 1211 bestiis·
539 1152 618 1229 loqui
632 1152 783 1211 rideretur.
822 1155 870 1213 Tu
890 1174 924 1211 err
938 1154 1031 1213 codioe
1044 1154 1184 1215 lutulento
1199 1154 1286 1214 nulii-

247 1255 335 1333 usque
357 1251 439 1330 pretii
461 1250 583 1339 reponis,
603 1248 770 1327 Briareusque
790 1267 946 1317 arusuons
968 1269 1072 1309 onmem.
1112 1250 1234 1311 Obsecro
1258 1260 1288 1308 te

247 1351 427 1431 cnjusmodi?
448 1348 585 1425 siquidem
604 1366 662 1407 non
680 1346 717 1403 de
739 1347 791 1405 hoc
810 1346 853 1405 rel
873 1346 933 1413 illo,
946 1346 992 1405 sed
1005 1348 1040 1405 de
1053 1346 1218 1407 omnimodo
1233 1346 1285 1405 do·

245 1450 304 1510 iore
318 1449 364 1507 bic
377 1446 447 1523 agit.
477 1444 553 1503 Vide
566 1443 654 1521 igitur
668 1462 705 1500 an
719 1463 770 1503 noa
784 1442 884 1503 tertius
896 1442 1095 1525 collineernus3
1118 1444 1286 1521 legumini,

246 1545 326 1623 Fossa
338 1541 479 1621 ‹jusspcsr'c
492 1539 588 1599 morai
599 1538 952 1619 hominu—disertoque
966 1558 1065 1599 annus
1079 1560 1174 1597 omnem
1187 1538 1233 1619 effi
1246 1552 1286 1599 ts·

245 1640 385 1702 hatita.
425 1638 563 1715 Opposita
575 1637 623 1695 hic
641 1635 705 1693 sunt
718 1634 797 1715 salsa
807 1635 892 1715 specie
910 1647 938 1693 et
957 1635 1051 1707 rebus5
1073 1634 1148 1715 quod
1169 1636 1285 1713 perinde

223 1742 294 1812 ’est,
307 1761 341 1801 ac
353 1742 372 1799 fi
385 1759 489 1807 revera,
501 1756 528 1795 rc
540 1734 594 1815 ipsa
606 1732 725 1793 dixisset.
766 1734 842 1811 Ergo
856 1732 991 1793 sententia
1010 1734 1119 1811 optima
1137 1732 1263 1793 nascitur
1271 1758 1294 1817 5·

245 1842 324 1901 Falsa
344 1838 386 1897 sui
406 1836 495 1915 specie
514 1831 702 1911 perterrefacit
721 1832 852 1897 detonso
871 1851 935 1889 vera
955 1831 994 1889 est
1012 1830 1173 1890 tolerabilis.
1216 1832 1285 1889 Por·

245 1960 278 1997 ro
296 1939 331 1996 de
350 1934 436 1995 Rebus
455 1931 567 1991 consule
587 1930 774 1988 acutissimum
795 1928 970 1987 Gronovinnr
994 1940 1115 2007 patrem,
1137 1926 1286 1987 observas.

245 2037 289 2097 iii.
304 2036 336 2094 6.
1076 2076 1079 2083 .
1138 2076 1141 2081 ,

283 2135 358 2210 Cap.
371 2130 454 2189 xviii.
475 2126 530 2189 sat
547 2125 618 2185 hom
635 2134 736 2185 cautus
759 2124 925 2203 (Epicuros)
948 2142 1078 2205 nusquarr
1100 2124 1223 2183 reminas
1239 2142 1284 2183 nes

243 2226 438 2308 magnitudinis,
450 2246 495 2284 nec
506 2224 687 2283 diuturnitatis
709 2220 833 2299 moduni]
857 2224 1013 2281 Lambinus
1033 2223 1195 2299 reponebat.
1212 2221 1283 2282 bezo

245 2346 344 2387 error
357 2346 393 2383 ex
406 2324 505 2384 Nonio
518 2321 665 2389 Marcello,
673 2320 724 2397 qui
739 2320 768 2379 in
783 2338 848 2379 voce
864 2319 947 2381 Catus
961 2320 1054 2379 locum
1069 2321 1143 2379 bunc
1157 2320 1284 2385 adducit.

243 2426 287 2485 At
301 2427 390 2481 bonos
403 2422 568 2481 Gebhardus
582 2430 696 2496 propter
708 2418 805 2475 odium
829 2417 962 2475 Lambini
982 2418 1068 2473 etiam
1082 2416 1216 2475 Nonium
1237 2418 1282 2497 ip·

243 2522 304 2580 sum
318 2520 420 2599 sprevit
433 2538 523 2595 neque
538 2516 679 2573 mentione
692 2516 826 2591 dignatus
840 2514 887 2571 est.
929 2515 980 2573 Sed
999 2513 1131 2591 profesio,
1147 2516 1166 2573 fi
1181 2532 1281 2573 verum

244 2617 408 2693 quaerimus,
427 2634 484 2673 non
504 2614 622 2671 cautione
641 2611 687 2669 sed
708 2609 828 2669 sollertia
851 2622 878 2669 et
903 2612 1031 2669 acumine
1051 2613 1098 2669 bic
1121 2628 1192 2691 opus
1214 2623 1281 2671 erat.

242 2714 290 2771 Tu
310 2722 416 2779 tamen,
440 2710 515 2788 qood
537 2709 653 2774 nollem,
674 2718 716 2767 tot
735 2708 913 2767 librariorum
937 2711 1018 2767 turba
1038 2710 1212 2789 perterritus,
1233 2711 1283 2767 de·

241 2810 332 2869 fondis
358 2818 496 2887 receptam
525 2806 684 2873 lesiionem,
706 2826 740 2863 eo
763 2799 915 2883 prasertim
939 2805 1062 2873 nomine,
1086 2806 1164 2883 qnod
1186 2820 1283 2864 cautus

241 2906 327 2963 etiam
348 2918 452 2962 acutum
472 2904 593 2961 denotet.
634 2902 720 2959 Unde
734 2921 798 2959 vero
819 2920 876 2959 rem
891 2912 950 2961 tam
967 2902 1068 2961 miram
1083 2922 1134 2960 nos
1148 2904 1281 2961 dooebis?
1407 2908 1408 2916 ’

241 3002 286 3059 Ex
306 3000 410 3059 Sansio
428 2998 588 3076 Augustino
606 2998 641 3055 de
660 2998 783 3057 civitate
796 2998 862 3067 Dei,
877 3001 915 3057 tr.
932 3016 979 3059 21.
1007 2998 1100 3077 norst
1117 3000 1217 3069 otto,
1231 3001 1281 3071 ait,

240 3118 289 3155 ron
303 3098 352 3174 rifi
363 3096 402 3155 ad
411 3096 564 3172 ingeniosirm
579 3094 658 3174 poffst
669 3096 767 3163 verrirr,
778 3095 845 3174 quid
859 3112 919 3174 rpus
939 3106 996 3155 eret
1014 3095 1059 3155 des
1073 3098 1181 3157 Cautio
1193 3114 1280 3178 patre,

240 3196 286 3277 qni
305 3204 412 3263 cautos,
431 3192 462 3250 id
478 3193 513 3267 cst
531 3209 630 3261 acutos,
642 3191 758 3265 sarna,
771 3214 828 3250 cum
843 3192 888 3250 boc
901 3193 980 3273 postes
999 3195 1111 3269 conferre
1123 3195 1279 3258 Felicitas?
1405 3202 1406 3256 i

240 3292 333 3368 Atqui
348 3292 401 3348 boc
415 3286 474 3367 ipso
487 3288 548 3346 loco
564 3288 760 3364 corrigendum
781 3290 828 3357 esi,
843 3290 945 3349 Certo
961 3304 1049 3369 patre,
1063 3293 1149 3372 etqui
1162 3294 1280 3363 ceros,

239 3386 315 3463 idest
332 3400 428 3454 ocutos,
431 3386 557 3461 jacent:
576 3404 667 3461 neque
681 3386 762 3445 aliter
773 3386 803 3443 in
818 3387 914 3464 priscis
929 3387 1098 3449 editionibus
1112 3398 1208 3451 extare
1221 3412 1282 3451 css·
1404 3386 1405 3389 ¹

238 3485 368 3543 diderim.
407 3484 491 3541 Certe
505 3482 545 3541 ita
558 3482 653 3541 locum
667 3482 764 3541 iaudat
782 3484 952 3545 dottiffimue
966 3486 1108 3563 Gyraldos
1129 3487 1161 3547 in
1181 3488 1280 3547 Histo-

240 3580 289 3637 riae
302 3581 427 3639 Deorum
441 3578 634 3656 syntagmate:
657 3590 685 3637 et
700 3598 794 3637 reram
816 3582 888 3638 hanc
902 3580 951 3643 esse
970 3581 1120 3641 lestionem
1135 3586 1212 3645 sestis
1226 3586 1278 3645 erit
1403 3568 1404 3598 r

238 3670 452 3748 ἅξιοπιςότατος
465 3674 557 3731 Varro
568 3675 603 3731 de
616 3672 703 3751 Ling.
720 3676 849 3735 Lat.1ib.
865 3676 903 3735 vi.
946 3678 1026 3744 Cata,
1048 3679 1154 3767 inqpit,
1173 3697 1278 3741 muta.-
1402 3736 1403 3768 p

236 3768 281 3827 soc
290 3772 357 3827 enim
369 3768 449 3828 verbo
463 3767 557 3829 Sabini
569 3768 667 3828 dicunt.
712 3772 811 3847 Quare,
824 3780 903 3831 catus
917 3773 1015 3831 AElius
1029 3774 1149 3848 Sextum
1172 3798 1233 3848 non,
1247 3794 1276 3837 ut

236 3859 440 3943 riumsipicns,
450 3863 504 3941 scd
520 3878 630 3935 mutum
650 3880 678 3923 et
696 3866 825 3959 qrodffl.
865 3870 948 3929 Tune
968 3872 1056 3949 coepit
1072 3891 1229 3933 memorare
1242 3878 1274 3935 si·
1401 3906 1402 3938 r

236 3959 297 4015 mul
319 3971 382 4019 cata
404 3961 491 4027 dista,
503 3960 748 4039 occipiendnasuta
768 3962 849 4023 dieta.
890 3965 997 4025 Satisne
1012 3966 1075 4043 jam
1094 3972 1204 4031 constat
1218 3992 1276 4033 non

235 4066 340 4109 cautum
352 4056 503 4132 fignlficare
515 4069 642 4127 acutum,
655 4059 700 4117 sed
714 4066 827 4117 cotum?
871 4064 1066 4123 Quamobrem
1082 4078 1132 4124 aut
1148 4068 1195 4126 hic
1208 4088 1275 4127 cum

235 4146 334 4208 Nonio
347 4148 497 4231 legendum
509 4153 581 4213 domo
592 4168 676 4227 catus,
689 4166 741 4215 aut
753 4158 829 4237 quod
849 4158 944 4219 iisdem
957 4161 1041 4243 plane
1055 4162 1154 4233 literis,
1169 4165 1274 4247 quibus
