2817 4859
283 409 343 472 490
619 387 983 448 nnunnnrronos

285 569 511 636 CAHNEADE,
531 571 607 646 ul‘que
626 567 665 624 od
686 567 794 643 nostrum
811 567 901 645 viguit
923 579 1050 624 aetotem:
1070 583 1150 644 quom
1170 583 1241 622 nune
1258 580 1319 644 pro·

276 668 408 749 perandum
432 665 580 725 ORBAM
595 664 640 742 effe
661 663 758 743 inipso
774 667 879 725 Graecio
898 665 1031 742 intelligo:
1055 663 1124 744 quod
1142 685 1192 722 non
1213 665 1318 724 Aeode·

279 768 339 824 nriae
365 765 440 832 vitio,
457 761 508 842 sod
535 761 659 820 turritan
684 760 812 819 bominum
839 763 951 822 arbitror
976 761 1111 840 contigrffl.
1164 763 1247 820 Hoc.
1260 765 1319 840 pri·

280 883 380 920 murn:
403 879 469 918 nam
491 868 519 918 et
539 859 619 918 restat
639 859 769 928 aiterum,
789 862 864 936 quod
878 869 907 918 et
927 877 992 917 vero
1012 859 1127 936 propius
1147 869 1175 916 et
1196 861 1263 918 huic
1276 860 1316 918 rei

280 959 527 1018 accommodatius.
563 955 696 1036 Desertum
710 959 799 1034 igitur
811 960 914 1037 accipe,
927 963 964 1017 ob
976 959 1141 1016 sententiam
1155 961 1191 1016 de
1206 959 1318 1016 summo

271 1061 361 1128 'bono,
375 1075 461 1136 quarn
484 1056 506 1112 is
527 1055 634 1132 primus
654 1055 820 1125 introduxit,
839 1057 941 1135 etpost
955 1075 1022 1114 eum
1035 1075 1119 1113 nemo
1138 1056 1178 1114 est
1195 1054 1315 1125 secutus,

281 1153 414 1210 Summum
434 1151 523 1210 bonum
537 1151 592 1231 effe,
604 1151 669 1228 frui
685 1153 717 1210 iis
736 1151 811 1210 rebus
829 1173 894 1233 quas
902 1154 1003 1232 primos
1016 1163 1114 1211 notnero
1127 1153 1318 1233 eoneiiromffit.

272 1249 352 1308 Vide
371 1251 506 1306 Academ.
521 1249 559 1307 iv.
587 1249 674 1318 Huic,
690 1250 818 1326 inquam,
831 1249 976 1309 sententiae
995 1271 1079 1308 nemo
1099 1251 1135 1307 ab
1154 1249 1218 1325 ejus
1237 1251 1316 1307 obitu

277 1346 465 1424 patrocinatus
485 1345 533 1402 en.
574 1345 658 1404 Unde
678 1347 780 1405 Noster
798 1349 832 1405 de
845 1347 908 1407 Fin.
923 1348 962 1406 ir.
980 1348 1025 1406 18.
1046 1347 1109 1404 loco
1127 1345 1215 1423 hujus
1227 1347 1315 1404 nmir-

276 1445 356 1514 limo,
376 1441 456 1518 Quid
471 1443 549 1524 erepet
569 1463 607 1502 eos
626 1443 671 1524 effe
682 1446 816 1522 fhe‘iuroo,
830 1447 875 1526 qui
892 1447 990 1504 omnino
1010 1446 1137 1504 virtutem
1157 1465 1176 1502 α
1199 1443 1315 1502 ὄπωπα

266 1539 325 1611 fine
336 1541 555 1619 stgregoverunt,
576 1541 725 1619 Epicurum,
747 1541 936 1619 Hieronymum,
949 1543 1006 1600 ilios
1026 1543 1103 1600 etiem
1116 1561 1143 1598 er
1162 1561 1224 1599 our
1249 1542 1316 1600 cer-

275 1637 397 1696 neodeum
409 1635 492 1710 finem
511 1637 577 1695 tueri
596 1636 699 1695 volone.
733 1649 763 1696 et
786 1639 816 1696 ii.
841 1657 888 1699 ro.
902 1639 1028 1712 Rry'ieirur
1046 1639 1123 1696 etiem
1147 1636 1314 1707 Carneades,

277 1733 391 1792 nocella
412 1733 444 1792 de
454 1735 556 1812 flemmo
576 1732 636 1792 bono
655 1736 732 1804 ratio,
744 1749 793 1794 aut
805 1737 959 1814 voluptatis,
973 1757 1022 1794 non
1033 1734 1169 1794 Aaronom
1178 1738 1315 1814 particeps,

275 1843 324 1890 out
347 1827 478 1908 breviatis
498 1845 585 1910 expers
599 1831 764 1911 probabitur⁴
806 1834 858 1890 Sed
876 1853 1026 1911 pergamus
1047 1831 1109 1909 jum
1130 1834 1167 1890 ad
1191 1833 1312 1910 reliqua.

273 1929 320 1988 Tu
335 1945 369 1985 ex
389 1929 499 2004 optimo
518 1938 568 1985 tuo
588 1929 741 2006 exemplari
762 1947 828 1988 non
843 1930 996 1989 inseruisti:
1019 1929 1156 1988 sententia
1169 1931 1249 1988 enim
1263 1951 1310 1987 ne·

275 2027 402 2104 gatimrn
418 2025 519 2102 exigit.
560 2026 634 2084 lttud
649 2037 754 2096 tamen,
768 2047 831 2084 meo
851 2029 965 2105 quidem
976 2027 1094 2106 judicio,
1108 2030 1146 2084 ab
1161 2029 1312 2105 interpota-

273 2127 332 2182 'tore
345 2125 402 2182 nasi
421 2123 566 2201 sagacioris
586 2123 744 2202 proicitum
765 2128 822 2195 est3
845 2127 895 2204 qui
916 2128 992 2203 quod
1012 2126 1157 2184 sententiae
1170 2127 1258 2184 doeffe
1269 2126 1311 2184 ri·

273 2225 352 2282 derat
365 2223 399 2280 de
412 2219 462 2279 suo
477 2222 643 2298 impertivit.
686 2223 761 2299 Ergo
780 2224 872 2299 piacet
893 2225 1025 2282 Lumbini
1039 2223 1205 2299 conjeitura
1219 2225 1309 2294 norro,

274 2323 350 2400 quod
363 2331 390 2379 et
404 2321 478 2380 idern
493 2319 588 2389 efficit,
602 2331 630 2378 et
649 2322 682 2377 nd
701 2331 814 2378 caeteroo
832 2322 939 2379 codices
960 2322 1075 2400 propino
1096 2323 1216 2381 accedit.
1250 2323 1309 2381 Ad-

273 2415 328 2477 huc
341 2429 436 2476 tamen
450 2419 587 2476 haeremuo
600 2441 607 2474 :
631 2419 699 2494 quid
711 2419 787 2476 enim
803 2418 853 2476 fibi
866 2420 926 2476 vuit
939 2439 1023 2476 eorum
1035 2417 1185 2476 bonorum?
1222 2419 1308 2476 ouae-

272 2537 340 2578 nam
364 2535 397 2574 ea
419 2515 494 2584 sunt,
516 2515 644 2574 obsecro?
666 2535 721 2574 non
744 2517 820 2574 enim
847 2517 925 2573 dicit.
968 2517 1042 2594 lnge
1062 2535 1128 2573 vero
1151 2527 1248 2574 totum
1269 2517 1309 2574 lo-

271 2631 357 2670 cum:
385 2611 466 2669 Nemo
486 2611 522 2687 est
539 2611 613 2676 enim,
634 2629 716 2669 nuru
731 2629 886 2672 rononuur
908 2609 1027 2668 bonorum
1046 2610 1162 2669 animum
1177 2609 1307 2690 pumeffe

262 2709 396 2784 jndicem
420 2727 524 2788 eumque
543 2705 737 2779 eondmtsociet,
761 2722 792 2765 ue
812 2725 844 2766 eo
867 2728 927 2787 quae
951 2708 1016 2766 bona
1038 2709 1146 2767 malove
1167 2707 1307 2767 videam

264 2805 338 2890 poffie
364 2819 523 2864 contemnere.
574 2805 660 2863 Video
690 2803 752 2882 jam
779 2807 884 2865 claram
912 2807 1113 2886 oppotitionem
1142 2805 1205 2864 fieri
1237 2807 1305 2865 inter

269 2904 419 2964 verobona
438 2914 466 2961 et
486 2925 546 2983 qna
568 2901 632 2960 bona
652 2902 815 2961 videamur:
835 2923 921 2981 quarn
944 2904 963 2961 fi
987 2903 1069 2960 tollas
1089 2913 1225 2961 eteorum
1241 2921 1303 2960 cunr

268 3003 355 3079 vuigo
375 3003 473 3078 legase
495 3001 567 3059 nihil
587 3001 711 3069 cnidius,
724 3001 827 3070 lanino,
839 2999 958 3058 dilutius
978 2998 1035 3058 dici
1054 2999 1153 3076 potest,
1169 3019 1257 3076 quam
1271 3000 1304 3056 ii·

268 3097 318 3156 lud
341 3097 501 3156 Contemnere
519 3117 580 3178 quae
600 3097 665 3156 bona
683 3096 833 3157 videantur.
875 3097 1018 3156 Caeterutn
1038 3115 1104 3156 vera
1124 3095 1202 3166 bono,
1221 3100 1302 3176 June·

269 3193 342 3256 nalio
356 3195 412 3254 Sat.
428 3211 458 3252 x.

362 3321 485 3372 Omnibus
496 3323 520 3370 in
533 3323 599 3370 terris
610 3335 665 3384 quae
676 3322 731 3372 sunt
742 3337 757 3389 ᾳ
767 3321 875 3370 Gadibus
886 3323 960 3384 usque

274 3381 278 3410 ⁵
362 3407 482 3452 Auroram
494 3414 518 3450 et
530 3403 650 3464 Gangem,
663 3404 734 3466 pauci
744 3403 882 3464 dignoscere
893 3403 990 3466 poffuot

271 3499 276 3510 ·
364 3485 421 3532 Vero
433 3485 487 3530 bene
497 3493 569 3545 atque
580 3481 627 3530 illie
637 3482 746 3532 multum
757 3481 854 3536 diretta,
865 3493 959 3532 remota

361 3565 450 3613 Enoris
461 3563 559 3612 nebule.

265 3673 375 3749 Noster,
390 3679 525 3736 Academ.
542 3677 561 3735 i.
578 3695 605 3738 u.
619 3675 684 3738 Sine
695 3677 760 3735 enim
775 3677 897 3735 Zenonem
905 3676 1030 3758 sequere3
1052 3697 1176 3753 magonem
1190 3683 1230 3756 est
1245 3679 1299 3755 effi·

263 3797 326 3848 cere,
339 3790 368 3834 ut
381 3777 437 3856 quis
455 3775 594 3852 intelligat,
607 3775 672 3852 quid
678 3777 719 3852 ſse
737 3771 806 3831 illue
816 3794 913 3832 rerum
934 3789 960 3832 ee
968 3775 1081 3854 stmpieo¹
1099 3777 1220 3847 bonum,
1233 3777 1302 3856 qood

263 3895 312 3935 non
329 3871 451 3955 pestit'ub
472 3871 595 3948 honestate
602 3871 716 3949 stjungi.
757 3871 840 3939 Hono,
853 3872 904 3929 nisi
924 3873 1004 3930 vaide
1023 3873 1114 3941 failor,
1133 3883 1214 3931 extra
1229 3895 1295 3932 oon-

263 3973 420 4033 t'roversra'rn
444 3971 531 4048 posita
558 3968 639 4028 sunt:
662 3969 843 4046 quamobrem
864 3968 884 4026 fi
907 3969 1021 4030 Nonius
1043 3981 1161 4045 receptae
1180 3971 1294 4029 lectioni

262 4067 463 4146 patrocinatur,
478 4085 567 4144 neque
582 4067 628 4140 (ut
642 4063 712 4147 saepe
731 4063 777 4141 tit)
793 4067 829 4125 ab
849 4066 1001 4126 editoribus
1023 4079 1169 4147 comrptue
1188 4069 1246 4136 este
1265 4077 1292 4126 et

261 4165 308 4224 itte
321 4173 348 4222 et
363 4163 469 4222 librarii
482 4163 625 4242 vapulent.
