2817 4859
264 386 306 446 24
475 372 666 435 TUSCUL.
691 370 1075 435 DISPUTATIONUM

262 528 317 603 fin
334 528 518 624 intereant,
530 542 602 607 non'
618 534 687 607 effe
704 532 861 623 miseros,
876 531 1048 631 quoniam
1062 554 1107 605 ne
1122 530 1194 603 fint
1209 530 1299 629 qr'ri-
1405 558 1406 564 Ν

263 630 357 705 dem.
406 630 487 703 Jam
517 631 606 705 istuc
633 632 752 707 coacti
776 658 798 706 a
821 650 857 705 te
881 634 989 731 paulo
1013 648 1094 705 ante
1117 631 1299 707 conceffi·
1406 657 1408 696 r

180 728 182 731 ’
263 752 353 805 mus.
399 729 459 805 M.
478 732 564 805 Quo
589 732 698 805 modo
723 731 845 829 igitur,
860 749 922 804 aut
946 755 1021 817 cur,
1038 748 1190 807 mortem
1215 754 1301 803 nra-

263 828 342 901 lum
357 824 425 903 tibi
444 828 556 905 videri
582 828 695 918 dicis3
722 854 804 928 quae
825 846 888 904 aot
911 832 1033 903 beatos
1056 854 1122 903 nos
1145 827 1299 919 efficiet,

263 925 388 999 animis
418 928 665 1016 manentibus;
708 946 772 1005 aut
802 954 876 1003 non
908 928 1064 1015 miseros,
1097 928 1199 1001 sensu
1230 952 1298 1001 ca·

264 1029 409 1099 rentes?

311 1125 397 1199 XII.
413 1126 459 1199 A.
473 1127 624 1225 Expone
634 1128 756 1225 igitur,
766 1128 832 1201 nist
843 1128 1032 1201 molestum
1044 1126 1108 1216 est,
1120 1124 1297 1224 primum,

185 1288 189 1303 ,
261 1222 418 1321 fipotes,
434 1224 570 1299 animos
588 1250 766 1301 remanere
775 1228 859 1325 post
882 1246 1056 1307 mortem
1073 1243 1166 1313 tum,
1182 1226 1206 1297 ti
1222 1221 1298 1297 rni-

260 1346 327 1395 nus
344 1324 382 1397 id
398 1323 589 1414 obtinebis,
607 1326 675 1421 (est
691 1326 787 1399 enim
804 1328 983 1420 arduum)
1006 1322 1152 1398 docebis
1174 1345 1298 1395 carere

261 1422 359 1495 omni
378 1425 473 1497 maio
488 1442 639 1498 mortem
654 1456 662 1499 :
682 1423 859 1524 egoenim
874 1425 965 1497 istuc
981 1422 1096 1523 ipsum
1108 1446 1231 1498 vereor
1246 1444 1296 1493 ne

260 1522 395 1596 malum
423 1522 480 1608 stt,
512 1548 583 1596 non
609 1522 693 1597 dico
720 1549 838 1597 carere
867 1522 979 1612 sensu,
1010 1523 1069 1595 sed
1098 1520 1297 1594 carendum

260 1620 343 1693 effe.
394 1622 453 1695 M.
473 1622 695 1698 Auctoribus
719 1624 868 1720 quidem
888 1624 935 1695 ad
951 1622 1053 1695 istam
1070 1617 1295 1704 sententiam,

259 1742 369 1815 quarn
384 1719 438 1793 vis
463 1721 630 1811 obtineri,
652 1722 706 1795 uti
731 1720 875 1820 optimis
897 1720 1116 1819 possumusr·
1130 1719 1230 1817 quod
1254 1715 1295 1791 in

261 1820 429 1893 omnibus
446 1821 558 1894 causis
583 1838 619 1894 et
639 1823 746 1896 debet
768 1838 805 1893 et
827 1821 916 1893 solet
931 1821 1047 1893 valere
1070 1818 1294 1916 plurimum:

261 1933 298 1989 et
328 1917 485 2016 primum
518 1918 667 2019 quidem
700 1921 799 1993 omni
832 1918 1066 2015 antiquitate;
1100 1940 1184 2015 quae
1217 1940 1297 2013 quo

258 2018 404 2114 propius
437 2020 557 2093 aberat
588 2022 632 2093 ab
666 2037 749 2095 ortu
781 2036 818 2091 et
846 2016 969 2091 divina
1007 2014 1190 2115 progenie,
1219 2014 1295 2087 hoc

259 2114 387 2187 melius
412 2142 453 2189 ea
478 2118 629 2209 sortaffe,
647 2142 730 2216 quae
755 2135 854 2191 erant
870 2141 965 2206 vera,
990 2116 1169 2189 cernebat.
1219 2114 1296 2185 Ita-

154 2282 168 2297 ,
259 2238 331 2309 que
347 2240 461 2291 unurn
478 2215 568 2289 illud
585 2236 658 2291 erat
675 2217 822 2291 infitum
836 2214 959 2314 priscis
975 2214 1059 2301 illis,
1075 2214 1189 2313 fquos
1206 2210 1296 2285 Cas-

260 2338 322 2387 cos
344 2316 498 2413 appellat
523 2316 672 2407 Ennius,
700 2317 770 2389 effe
797 2316 834 2387 in
860 2334 975 2388 morte
999 2313 1151 2401 sensum,
1175 2335 1296 2409 neque

259 2414 432 2487 ‘excess'u
451 2413 531 2489 vitae
548 2418 593 2489 src
611 2416 719 2489 deleri
736 2412 934 2502 hominem,
947 2430 989 2487 ut
1005 2411 1165 2487 funditus
1181 2411 1293 2484 inter·

260 2512 340 2586 iret.
391 2514 505 2611 quue
528 2538 613 2589 cum
638 2514 760 2587 multis
784 2512 861 2587 aliis
876 2515 995 2599 rebus,
1012 2513 1120 2589 htum
1136 2536 1156 2583 e
1171 2506 1298 2608 ponti·

259 2772 378 2854 malaque
369 2774 502 2913 lpbmota
506 2776 581 2854 sunt.
614 2773 750 2842 Similiter
798 2780 959 2857 ponendum
972 2778 1101 2857 conjecit,
1112 2776 1296 2857 melfium·

259 2855 291 2912 in
306 2854 366 2915 Con
418 2857 608 2935 dPolybium,
622 2878 685 2935 cap.
701 2876 750 2937 27.
798 2874 842 2930 ta,
857 2879 908 2917 nec
916 2860 1038 2917 dubitari
1051 2856 1295 2937 potest,quinali-

259 2936 331 2993 etad
343 2936 491 3007 Marciam,
500 2956 563 3017 cap.
577 2956 623 3016 19.
636 2940 694 2997 Adi
702 2960 750 2997 ve·
798 2940 828 2998 bi
840 2939 953 2999 Tullius
966 2941 1007 2997 ita
1018 2941 1051 2997 tit
1064 2941 1184 2998 locutus.
1212 2938 1293 2995 Cum

260 3034 291 3072 ro
315 3016 507 3085 cantantium,
527 3020 596 3077 Div.
622 3020 689 3081 lost.
706 3021 750 3082 iii.
799 3040 864 3079 vero
877 3028 1015 3097 receptam
1027 3019 1175 3078 lectionem
1192 3027 1296 3077 tuean-

262 3112 309 3173 19.
324 3108 352 3154 et
367 3097 477 3175 hujusce
491 3100 554 3157 iibri
567 3118 629 3177 cap.
644 3118 695 3175 30.
799 3110 847 3159 tur
858 3120 955 3159 omnen
967 3094 1084 3159 omnino
1096 3100 1180 3158 MSS.
1199 3118 1233 3157 ea
1250 3107 1296 3155 te·

301 3172 312 3213 f
337 3178 404 3254 Quos
429 3179 530 3238 Cascoa
556 3178 670 3259 appellat
693 3182 751 3239 En·
801 3200 876 3239 mere
894 3199 953 3239 non
974 3180 1013 3239 est
1033 3179 1188 3248 deserenda,
1210 3178 1231 3237 sr
1250 3178 1298 3237 io-

259 3254 332 3330 nius]
364 3260 397 3317 Iu
426 3258 475 3317 illo
498 3261 637 3327 versiculo,
665 3282 751 3339 quem
800 3261 902 3338 quendi
923 3262 1022 3319 modun
1041 3263 1145 3339 probus
1165 3258 1296 3317 invenia-

260 3338 356 3395 laudat
374 3340 473 3409 Varro,
492 3340 526 3398 L.
549 3342 583 3400 L.
603 3340 653 3399 lib.
667 3344 706 3401 vi.
720 3362 749 3421 p.
800 3353 857 3399 tur.
893 3342 939 3399 Sic
952 3342 1041 3419 igitur
1054 3340 1180 3399 Valerius
1194 3339 1298 3398 Maxi·

231 3463 238 3494 ,
262 3434 350 3496 1153.
367 3420 416 3478 60.
429 3423 473 3478 ed.
488 3418 549 3481 Bas.
801 3442 874 3489 mue,
888 3421 937 3479 lib.
951 3422 1001 3480 vii.
1015 3441 1078 3499 cap.
1092 3440 1121 3481 o.
1138 3440 1164 3481 1.
1182 3431 1294 3479 extem.

204 3499 232 3547 .⁴
300 3501 594 3641 mmmmm
603 3503 691 3582 popm
702 3486 752 3612 p·
803 3500 1296 3662 nmmum&

260 3661 460 3740 Hieconymua,
474 3662 560 3740 Epist.
575 3664 637 3726 xlii.
664 3664 752 3723 Rudas
799 3602 870 3721 {enisu
882 3604 1156 3743 ottmycisuiqpmiet
1181 3661 1298 3721 Simili.

259 3743 299 3800 itti
320 3744 411 3803 Italiae
435 3742 550 3812 hominen
577 3766 636 3823 quos
661 3745 752 3803 caseon
800 3752 843 3803 ter
865 3744 947 3803 evitate
969 3746 1037 3803 oitae
1058 3741 1154 3821 passinr
1177 3741 1296 3801 dieitur.

248 3824 361 3891 ,Ennius
380 3824 500 3903 appellnt.
542 3826 698 3883 Pluravide
718 3828 752 3885 ts
799 3824 867 3883 Vid.
891 3825 979 3886 Corn.
1006 3824 1148 3903 Nepotem
1174 3822 1204 3882 in
1231 3823 1297 3881 En·

259 3906 334 3979 apud
347 3906 426 3963 Hier.
444 3906 615 3965 Columnam
635 3908 670 3963 ad
689 3908 750 3965 En-
798 3924 888 3973 mene,
904 3905 965 3963 xiii.
984 3923 1009 3964 r.
1035 3908 1075 3965 A.
1088 3904 1223 3970 Genium,
1241 3921 1297 3963 xv.

259 3982 301 4039 nii
324 3984 434 4061 Fragm.
449 4006 515 4065 pag.
539 4006 584 4059 14
616 3987 697 4045 Quin
721 3998 750 4047 et
806 3988 851 4044 16.
876 4004 910 4041 ac
927 3986 1092 4045 Suetonium
1113 3985 1144 4043 in
1161 3984 1296 4051 Claudio,

259 4062 327 4201 posce
335 4064 402 4143 loqui
410 4066 483 4125 dixit
493 4066 748 4137 A.Gellins‚N.A.
798 4084 858 4144 cap.
878 4084 930 4139 43.
960 4077 989 4125 et
1018 4067 1049 4124 in
1077 4066 1202 4135 Nerone,
1227 4082 1296 4140 cap.

273 4145 308 4201 ib.
324 4144 343 4203 i.
358 4165 390 4202 ca
413 4166 485 4206 .10.
623 4158 626 4161 '
842 4189 849 4204 .

300 4166 524 4308 ssbcryficvitae]
543 4229 749 4306 Lambinnrreq
799 4160 854 4308 ΜΡ
875 4225 943 4287 Tum
963 4242 978 4287 e
996 4222 1125 4306 particio
1142 4222 1208 4298 jure
1229 4234 1293 4279 cte

844 4322 850 4329 '
1207 4318 1293 4361 δῶκ’
