2817 4859
376 385 536 447 LIBER
565 381 823 444 QUARTUS.
874 400 878 408 ·
1056 377 1114 454 285

95 571 167 629 tatu
185 547 257 624 suit
274 547 463 622 hominum
478 544 599 643 generi
615 541 751 615 infensa
767 557 873 635 atque
890 533 1037 610 inimica
1051 560 1117 608 na-

94 669 186 739 tura,
202 665 245 721 ut
262 646 470 746 corporibus
491 662 621 716 tot-res
646 641 821 723 salutares,
838 636 963 709 animis
980 636 1116 708 nullam

97 746 295 822 invenerit:
321 743 513 842 dequibus
529 742 599 813 hoc
616 741 722 812 etiam
740 738 791 809 est
816 734 940 808 merita
964 735 1088 806 melius
1104 763 1114 816 ;

96 839 195 944 quod
222 868 412 942 corporum
436 843 637 938 adjumenta
657 833 872 909 adhibentur
889 832 1116 918 extrinsecus,

96 945 298 1018 animorum
314 944 405 1016 salus
418 940 554 1012 inclusa
578 938 616 1010 in
640 935 695 1008 his
720 935 802 1031 ipsrs
824 933 886 1007 est.
936 929 1027 1002 *sed
1043 955 1117 1025 quo

96 1045 209 1142 major
235 1043 287 1116 est
312 1043 350 1113 in
375 1039 425 1113 eis
450 1034 649 1136 praeliantia
673 1051 709 1106 et
733 1029 900 1118 divinior,
922 1053 965 1102 eo
988 1029 1118 1122 majore

97 1142 263 1239 indigent
279 1138 486 1236 diligentia:
512 1134 630 1232 itaque
648 1137 738 1208 bene
755 1131 913 1203 adbibita
929 1125 1021 1201 ratio·
1041 1149 1120 1198 cer·

98 1241 154 1314 nit
170 1238 263 1336 quid
287 1238 465 1336 optimum
488 1233 533 1308 stt
548 1270 558 1324 3
586 1231 763 1334 neglebla,
781 1231 901 1304 multis
919 1225 1121 1326 implicatur

98 1337 289 1414 erroribus.
338 1339 401 1410 Ad
416 1351 451 1408 te
468 1334 580 1431 igitur
593 1338 682 1409 mihi
698 1331 772 1422 jam
789 1337 1026 1408 convertenda
1042 1363 1120 1411 orn·

99 1439 155 1512 nis
171 1437 285 1510 oratio
301 1435 375 1508 est:
400 1435 544 1508 simulas
559 1437 655 1506 eninr
670 1452 827 1533 quaerere
844 1446 878 1504 te
895 1429 1121 1533 desipiente,

100 1533 230 1633 quaeris
253 1550 373 1608 autem
395 1531 536 1607 fomffe
553 1533 598 1604 de
614 1551 660 1607 te.
712 1528 844 1600 Earum
860 1529 969 1627 igitur
984 1552 1123 1631 pertus.

102 1636 301 1724 bationum,
333 1657 419 1729 quat
454 1630 613 1727 exposui,
641 1633 744 1705 variae
781 1627 862 1698 sunt
896 1631 1121 1708 curationes:

26 1751 32 1765 ·
102 1759 187 1808 nam
213 1757 330 1829 neque
355 1729 470 1804 omnis
494 1730 672 1828 aegritudo
699 1753 772 1805 una
797 1725 930 1803 ratione
960 1732 1122 1806 sedatur:

101 1832 170 1908 alia
185 1832 238 1905 esi
254 1831 352 1903 euim
365 1825 514 1927 lugenti,
531 1841 557 1874 ¹¹
567 1831 635 1905 alia
651 1820 827 1904 miseranti
842 1835 859 1868 ¹¹
871 1848 932 1901 aut
949 1830 1126 1906 invidenti

103 1930 309 2006 adhibenda
338 1927 537 2000 medicina:
563 1931 615 2001 est
640 1929 748 2002 etiam
777 1919 814 1992 in
841 1930 1010 2002 omnibus
1036 1955 1126 2027 qua-

102 2048 188 2104 tuor
210 2026 533 2127 perturbationibus
549 2025 611 2100 illa
634 2020 830 2112 distinctio,
845 2043 967 2100 utrum
983 2030 1028 2101 ad
1045 2028 1127 2102 uni-

104 2127 239 2204 versam
254 2126 568 2224 perturbationem,
584 2150 666 2223 quae
690 2129 742 2200 est
765 2125 959 2224 aspernatio
984 2126 1128 2202 rationis

104 2245 168 2302 aut
190 2225 367 2324 appetitus
390 2223 659 2310 vehementior;
689 2251 734 2298 an
758 2228 803 2301 ad
825 2224 991 2322 singulas,
1016 2244 1057 2299 ut
1082 2229 1128 2300 ad

108 2343 260 2414 metum,
275 2321 474 2413 libidinem,
490 2323 723 2422 reliquasque,
744 2324 894 2395 ⁰nrelius
919 2323 1128 2397 adhibeatur

108 2425 246 2499 oratio:
272 2439 310 2494 et
331 2440 453 2494 utrum
477 2421 613 2494 illudne
633 2445 705 2494 non
723 2422 883 2494 videatur
903 2445 995 2522 aegre
1011 2422 1128 2494 feren-

109 2525 212 2611 dum,
235 2545 283 2596 ex
307 2545 381 2618 quo
405 2520 563 2620 suscepta
587 2523 628 2594 fit
650 2519 851 2619 aegritud03
876 2533 949 2592 Pan
966 2519 1128 2593 omnium

148 2767 598 2850 ¹Scdqnomay'orestincisprae·
647 2767 737 2827 menti
763 2763 827 2826 sunt
854 2767 1040 2827 Grammatiei
1069 2769 1134 2845 qui⁴

102 2850 205 2928 flantia
223 2863 249 2908 et
265 2849 387 2919 divinion
406 2871 432 2909 no
450 2849 543 2924 ntajorr
555 2851 599 2907 in·
646 2852 724 2915 dam,
738 2849 787 2906 vel
804 2869 836 2906 eo
856 2852 938 2908 modo
956 2851 1066 2908 retineri
1086 2852 1134 2906 de·

113 2933 211 3007 digent
235 2929 389 3008 diligentiae
423 2929 510 3009 itaque
541 2929 601 2987 benc
648 2932 695 2986 bet
715 2929 797 2987 MSS.
812 2929 903 2987 teatio.
931 2931 1003 2987 Vide
1024 2927 1134 2986 Festum

114 3010 238 3070 adhibita
257 3011 328 3069 ratio
346 3009 438 3082 arni]
462 3011 534 3086 Reg.
553 3011 600 3067 Pi·
649 3023 678 3067 et
690 3008 819 3068 Nonium
835 3010 864 3067 in
876 3010 911 3066 nri
921 3010 998 3067 erari.

115 3093 221 3150 tboean.
236 3091 305 3149 Pall.
324 3101 452 3167 quatuor,
465 3100 494 3148 et
507 3089 601 3148 Vatic.
689 3097 704 3125 ¹¹
724 3091 786 3146 Aut
800 3087 940 3162 invidenti]
962 3089 1068 3166 Vulgo,
1081 3087 1136 3148 alia

115 3171 222 3250 indiget.
255 3171 363 3230 Totum
376 3191 441 3228 vero
459 3171 552 3228 locum
567 3170 602 3226 fic
649 3167 785 3227 invidenti.
820 3167 981 3228 Ledlionetn
1002 3189 1065 3226 vero
1086 3189 1137 3226 no·

117 3250 260 3310 constitnit
273 3251 319 3309 Cl.
332 3251 484 3320 Beothius,
495 3249 550 3315 Sed
556 3270 604 3328 quo
649 3251 731 3307 stram
755 3249 826 3328 neg.
848 3250 986 3308 Pithoean.
1010 3261 1037 3306 et
1059 3251 1138 3307 Med.

116 3331 549 3409 mojorssmeutitpraestantiact
562 3329 604 3386 di·
651 3330 780 3388 afferunt.

118 3414 212 3480 vinnr,
239 3430 266 3468 eo
291 3411 384 3483 majore
412 3410 519 3488 indiget
542 3408 604 3468 dili·
693 3418 707 3447 ⁰
738 3410 836 3468 Melius
859 3409 1014 3468 adhibeatur
1034 3409 1137 3486 oratio]

115 3493 224 3570 μαῖαι
251 3492 339 3570 itaque
358 3489 416 3549 bene
435 3491 532 3549 habita
553 3507 607 3547 cer·
654 3489 701 3549 cl.
715 3491 839 3548 Bentleio
852 3491 942 3566 placet
954 3491 1059 3548 curatio.

121 3573 228 3630 niestc.
694 3571 773 3628 l’An
791 3571 899 3626 omniunt
919 3589 1002 3628 rerunt
1022 3569 1142 3627 tollenda

158 3659 183 3689 ¹¹³
201 3649 269 3709 Alia
288 3649 442 3726 miseranti]
467 3651 507 3710 D.
522 3651 609 3708 Lam·
656 3648 753 3708 omnino
770 3647 912 3726 aegritudo]
935 3649 981 3708 Sic
1001 3649 1071 3707 rede
1093 3649 1142 3704 Pe·

119 3728 330 3807 binutconjicit
347 3731 403 3789 alia
420 3731 551 3810 miserenti,
564 3731 611 3788 cui
657 3729 741 3788 trens.
766 3731 870 3806 aliique
896 3731 1002 3786 codices
1030 3743 1145 3786 nurnero

120 3812 214 3869 statim
222 3810 316 3888 paruit
327 3811 372 3869 Fr.
384 3811 532 3869 Fabricius.
554 3811 612 3868 Ni·
659 3810 743 3888 pauci
754 3832 762 3876 ς
776 3829 843 3867 narn
853 3809 994 3868 Vidlorius
1007 3808 1101 3874 edidit,
1110 3825 1146 3865 an

122 3891 164 3949 bil
184 3910 256 3968 opne
279 3890 337 3961 est,
364 3909 424 3948 nam
446 3890 558 3948 miseror
584 3898 613 3947 et
659 3891 769 3948 omniunt
787 3909 870 3948 rernm
891 3889 1031 3947 toleranda
1050 3889 1146 3946 omnint

124 3969 254 4028 misereor
285 3989 364 4027 nnnm
387 3968 555 4050 fignificont,
580 3980 613 4026 nt
660 3969 797 4046 egritudo,
824 3989 873 4026 nec
900 3968 979 4026 aliter
1012 3957 1146 4026 librorum

124 4050 197 4108 redit
223 4051 335 4108 Servius
361 4053 396 4107 ad
415 4051 487 4110 AEn.
503 4051 522 4108 i.
544 4048 613 4107 601.
661 4069 725 4127 part
738 4051 878 4128 pleraque.
902 4047 953 4105 Sed
969 4049 1007 4105 ita
1021 4047 1150 4106 deerrasse

127 4130 254 4188 modo
280 4129 483 4189 dillindiionem
506 4131 614 4207 probes,
662 4129 787 4187 librarios
805 4127 877 4186 baud
896 4129 1025 4204 equidem
1043 4129 1149 4200 miror,

129 4228 216 4288 quatu
243 4210 316 4268 iuter
345 4211 404 4272 uec
429 4213 512 4270 rerba
538 4229 615 4268 corn·
663 4209 842 4268 illudentem
861 4208 954 4278 miror,
975 4219 1034 4268 tarn
1055 4207 1151 4267 absur-

1085 4289 1152 4352 dam
