2817 4859
139 300 143 309 ⁴
250 357 310 426 290
457 343 649 404 tuscun.
676 331 1075 402 otsnuunutonurr

249 497 401 600 humile,
418 507 656 600 summillum,
676 509 798 596 molle,
824 503 1089 601 effeminatum,
1111 501 1288 598 stadium,

248 609 505 706 abjedtumque
532 609 715 682 faciamus.
767 609 838 682 Sed
867 629 1074 716 quanquam
1100 605 1146 676 de
1172 602 1288 699 ipsius

248 725 366 804 metus
379 705 627 798 inconstantia,
646 704 905 795 imbecillitate,
921 706 1066 780 levitate
1084 704 1288 781 dicendum

247 807 324 892 est;
358 824 479 880 tamen
502 808 659 882 multum
683 805 840 904 prodest,
866 829 921 894 ea,
947 828 1031 902 quae
1060 820 1290 893 metuuntur,

248 903 325 1006 ipsa
352 923 594 980 contemnere.
654 905 794 1000 ltaque,
824 901 897 976 five
930 902 1014 978 casu
1047 901 1181 978 accidit
1209 901 1289 974 five

248 1001 412 1089 consilio,
428 1005 685 1102 percommode
708 1002 848 1078 fautum
872 1001 936 1092 est,
953 1001 1054 1099 qu‘od
1078 999 1129 1074 eis
1154 1003 1202 1074 de
1225 1025 1286 1072 re-

248 1103 329 1191 bus,
357 1127 441 1200 quae
466 1100 621 1176 maxime
645 1120 869 1186 metuuntur,
886 1103 931 1174 de
958 1116 1072 1174 morte
1098 1116 1135 1174 et
1151 1102 1197 1180 de
1214 1101 1288 1172 do·-

246 1201 336 1292 lore,
387 1199 479 1276 rimo
509 1219 545 1274 et
568 1199 738 1300 proximo
763 1198 821 1274 die
847 1195 1066 1298 disputatum
1090 1199 1168 1272 est:
1196 1223 1286 1296 quae

245 1301 275 1404 fi
298 1227 450 1400 probata
474 1298 567 1392 sunt,
583 1318 686 1376 metu
710 1323 840 1400 magna
863 1323 910 1378 ex
933 1315 1040 1399 parte·
1058 1295 1199 1374 liberati
1220 1298 1287 1372 su·

245 1419 338 1474 mus.

294 1495 445 1574 XXXI.
481 1497 614 1572 Aede
647 1500 826 1573 malorum
860 1495 1043 1596 opinione,
1077 1489 1281 1572 had‘tenust

244 1596 429 1672 videamus
454 1621 550 1670 nunc
576 1599 622 1670 de
647 1599 839 1686 bonorum,
868 1596 905 1672 id
932 1597 996 1683 est,
1022 1597 1068 1670 de
1090 1594 1216 1670 laetitia
1240 1613 1283 1677 et

244 1699 291 1772 de
324 1695 533 1796 cupiditate.
584 1695 686 1769 Mihi
714 1693 864 1794 quidem
892 1695 931 1770 in
959 1712 1034 1769 tota
1063 1692 1212 1788 ratione,
1237 1721 1283 1769 ea

243 1821 329 1894 quae
360 1794 515 1896 pertinet
542 1792 618 1868 bad
649 1793 760 1870 animi
793 1794 1089 1894 perturbationes,
1118 1819 1192 1868 una
1224 1819 1281 1868 res

242 1893 387 1968 videtur
411 1895 551 1968 caulam
577 1893 774 1980 continere,
793 1919 916 1968 omnes
943 1919 998 1968 eas
1015 1894 1085 1967 effe
1102 1893 1140 1966 in
1158 1893 1283 1966 nostra

241 1993 429 2092 potestate,
446 2017 569 2068 omnes
589 1991 731 2090 judicio
755 1993 943 2106 susceptas,
967 2018 1091 2068 omnes
1106 1993 1282 2068 volunta·

242 2091 321 2166 rias.
371 2092 448 2165 Hic
475 2091 587 2190 igitur
611 2117 709 2167 error
734 2093 787 2166 est
813 2092 1026 2192 eripiendum
1049 2092 1130 2166 haec
1156 2094 1281 2176 detra-

239 2191 361 2285 henda
377 2189 527 2288 opinio:
554 2208 662 2288 atque
677 2211 722 2265 ut
745 2190 784 2264 in
809 2191 910 2266 mulir
937 2191 1101 2290 opinatis,
1118 2193 1278 2266 ctolera-

239 2288 392 2378 biliora3
419 2289 469 2364 stc
492 2289 531 2362 in
558 2289 675 2381 bonis,
701 2291 874 2365 sedatiora
899 2291 979 2364 sunt
1003 2289 1195 2364 efficienda
1220 2317 1277 2380 ea,

239 2413 325 2487 quae
341 2413 472 2488 magna
488 2406 524 2464 et
539 2389 710 2464 laetabilia
725 2388 908 2465 dicuntur.
958 2389 1082 2488 Atque
1099 2389 1172 2464 hoc¹
1190 2389 1277 2488 qui·
1337 2443 1346 2464 .

239 2492 323 2562 dem
351 2514 544 2562 commune
573 2491 750 2564 malorum
777 2509 814 2563 et
841 2489 1044 2564 bonorum:
1071 2507 1113 2564 ut
1141 2489 1170 2562 fi
1195 2491 1280 2589 jam

237 2585 388 2661 difficile
420 2587 465 2659 stt
496 2586 717 2685 persuadere,
750 2587 842 2660 nihil
874 2612 996 2663 earum
1029 2611 1275 2686 rerumquae

235 2687 448 2856 pprturbent
469 2684 643 2775 animum,
669 2701 731 2759 aut
754 2685 913 2762 inbonis
937 2685 1054 2761 autin
1080 2686 1182 2760 malis
1199 2687 1273 2764 else

284 2784 583 2874 bendum,tamen
594 2785 662 2858 alia
671 2786 716 2859 ad
728 2784 839 2861 alium
850 2805 989 2861 motum
1000 2783 1273 2862 curatiofitad·

236 2881 408 2973 hibenda,
421 2882 559 2981 aliaque
574 2885 708 2958 ratione
725 2885 933 2977 malevolus,
948 2885 1018 2960 alia
1034 2903 1184 2972 amator,
1200 2886 1274 2966 alia
1293 2919 1303 2926 ·

237 2982 354 3057 rursus
369 2983 510 3070 anxius,
527 2983 597 3057 alia
611 2981 760 3058 timidus
776 2986 1019 3084 corrigendus.
1053 2985 1177 3084 Atque
1196 3005 1273 3062 erat

235 3079 353 3172 facile,
371 3083 578 3180 sequentem
594 3105 673 3156 eam
695 3082 983 3184 rationemque
1007 3081 1165 3157 maxime
1183 3106 1272 3182 pro-

235 3181 341 3253 batur
358 3180 519 3255 debonis
533 3200 570 3255 et
586 3181 700 3272 malis,
715 3208 843 3282 negate
860 3208 1020 3284 unquam
1033 3181 1159 3257 laetitia
1169 3183 1277 3258 affici

233 3280 332 3376 polle
348 3277 587 3376 insipientem,
600 3284 700 3379 quod
717 3282 808 3356 nihil
825 3309 985 3382 unquam
1002 3284 1148 3356 haberet
1166 3282 1270 3358 boni.

234 3379 306 3451 Sed
322 3376 504 3477 loquimur
519 3402 617 3454 nunc
635 3403 735 3456 more
757 3383 956 3459 communi.
1007 3381 1086 3456 Sint
1102 3381 1185 3458 sane
1204 3382 1272 3457 ista

270 3608 355 3669 bAd
377 3611 460 3668 anim
484 3612 720 3690 perturbationum]
771 3616 839 3674 bens
852 3611 1000 3694 amplexus
1016 3611 1088 3673 sum.

230 3690 336 3769 Vulgo,
342 3691 567 3772 perturbationem.
606 3699 645 3752 At
667 3697 721 3756 stn-
812 3704 824 3734 c
852 3693 1048 3770 Tolerabiliora]
1086 3693 1133 3752 Sic
1158 3695 1277 3757 Ascen··

229 3773 335 3848 gulatie
371 3792 504 3831 uumerus
544 3772 720 3851 sequentibus
771 3777 833 3845 huo,
846 3775 987 3845 Erasmus,
999 3777 1163 3845 Manutius,
1183 3786 1213 3834 et
1232 3797 1265 3834 a„

229 3855 304 3910 haud
317 3855 460 3923 convenit,
474 3873 525 3912 nec
537 3853 642 3913 deuna
655 3865 720 3914 tan·
769 3857 813 3914 lii.
844 3856 949 3934 Vulgo,
961 3855 1115 3926 tolerabilia,
1133 3857 1209 3934 qnod
1228 3876 1265 3914 ex

228 3941 291 3989 tum
307 3934 514 4009 perturbatione
523 3933 567 3992 sed
580 3936 616 3992 de
624 3937 719 3994 omni·
768 3937 824 3994 suit
849 3937 991 3996 codicibus
990 3936 1078 4078 rtpoll
1099 3935 1266 3996 videnum

227 4012 281 4068 hus
292 4015 381 4072 animi
390 4015 649 4092 perturbationibtu
659 4019 719 4074 hoec
768 4017 866 4076 intulit
889 4019 989 4076 Gebha

227 4093 345 4150 habetur
363 4097 470 4155 oration
499 4106 670 4174 quapropter
688 4118 718 4156 ο·
768 4100 898 4164 recedunt
910 4098 1005 4160 nostri.

227 4172 435 4237 mendationem
463 4176 510 4239 Cl.
531 4177 651 4273 Bentleii
671 4179 716 4237 lu·

1023 4018 1267 4091 mmmm
