2817 4859
402 410 552 473 arnan
585 410 793 475 rnruus.
912 381 917 391 ’
1095 430 1122 496 9

87 571 195 649 tendis
240 592 332 643 nant
374 568 424 643 ita
453 570 634 658 facillime,
672 570 792 671 bquid
820 570 1119 656 verisimillimum

89 674 173 762 esset,
188 668 349 743 inveniri
366 670 466 767 posse
483 672 642 743 Socrates
659 674 904 747 arbitrabatur.
956 674 1025 746 Sed
1042 698 1118 771 quo

93 768 301 845 commodius
319 768 582 867 disputationes
599 772 728 843 nostrae
742 771 977 869 explicentur,
994 773 1043 845 fic
1061 797 1118 845 eas

93 894 265 969 exponam,
284 868 396 964 quast
412 888 537 967 agatur
553 894 618 956 res,
636 894 710 943 non
727 870 826 968 quafi
843 888 1012 943 narretur.
1050 872 1128 945 Er-·

99 996 138 1068 go
149 971 190 1043 ita
203 968 381 1041 nascetur
398 966 600 1041 exordium.

22 1028 23 1119 i
136 1070 174 1141 V.
188 1069 250 1140 οΑ.
266 1067 424 1141 Malum
441 1066 531 1140 mihi
548 1066 691 1141 videtur
708 1068 776 1139 esse
793 1092 900 1142 mors.
930 1068 991 1141 M.
1007 1068 1121 1145 Hisne

22 1180 23 1183 ’
118 1167 147 1239 ui
162 1166 292 1240 mortui
312 1166 415 1255 sunt,
432 1190 476 1239 an
493 1164 547 1239 his
563 1164 694 1261 quibus
712 1166 936 1240 moriendum
954 1168 1036 1241 est?
1071 1170 1128 1244 A.

22 1328 23 1335 ,
97 1196 263 1362 iurisque.
309 1265 379 1337 M.
405 1266 470 1338 Est
499 1262 665 1337 miserum
693 1264 815 1361 igitur,
842 1264 1013 1363 quoniam
1044 1292 1121 1340 ma·
1226 1280 1233 1287 '

98 1367 171 1438 lam.
219 1365 267 1438 A.
286 1364 415 1439 Certe.
466 1364 526 1437 M.
552 1364 650 1461 Ergo
663 1383 698 1437 et
717 1363 754 1436 hi
773 1366 903 1461 quibus
916 1366 1036 1439 evenit
1046 1367 1124 1462 jun

97 1480 131 1535 ut
154 1482 394 1552 morerentur,
411 1478 448 1535 et
465 1462 503 1535 hi
526 1462 658 1559 quibus
677 1482 888 1537 eventurum
910 1466 973 1551 est,
991 1464 1122 1542 miseri.

101 1564 139 1635 A.
155 1561 247 1635 Mihi
273 1560 335 1635 ita
357 1562 513 1635 videtur.
564 1562 624 1635 M.
650 1562 772 1635 Nemo
797 1587 883 1659 ergo
908 1559 981 1636 non
1007 1562 1124 1639 miser.

102 1662 140 1735 A.
158 1663 293 1745 Prorsus
326 1685 446 1734 nemo.
495 1660 555 1733 Μ.
580 1660 630 1735 Et
654 1660 814 1758 quidem,
830 1662 858 1733 fi
874 1660 942 1735 tibi
962 1663 1124 1736 constare

100 1762 156 1850 ris,
177 1786 296 1835 omnes
328 1759 548 1857 quicumque
574 1757 646 1831 nati
672 1759 766 1848 sunt,
788 1778 950 1849 eruntve,
967 1785 1041 1833 non
1065 1761 1124 1833 so·

103 1860 169 1930 lum
184 1860 313 1946 miseri,
333 1858 393 1931 sed
420 1858 527 1931 etiam
545 1858 680 1956 semper
696 1856 827 1930 miseri.
877 1858 973 1930 Nam
989 1858 1018 1929 fi
1033 1858 1126 1933 solos

103 1982 156 2029 eos
171 1960 302 2031 diceres
323 1957 466 2031 miseros
483 1957 612 2053 quibus
630 1955 855 2029 moriendum
873 1953 980 2030 esset:
1009 1956 1125 2030 nerni-

107 2082 179 2129 nem
210 2074 251 2130 tu
279 2056 431 2155 quidem
460 2080 598 2141 eorum,
630 2054 691 2154 qui
719 2054 893 2145 viverent,
919 2055 1124 2156 exciperesz
1217 2082 1222 2091 ·

142 2254 251 2331 bQuid
280 2258 486 2334 onisira'llimum
512 2254 583 2337 effer]
636 2258 694 2316 Pet.
721 2258 887 2335 Alcyouius,
909 2258 942 2316 de
964 2258 1038 2317 Eril.
1060 2278 1128 2337 pag.

80 2396 83 2400 .
112 2336 587 2417 lrlS.Colon.datqro'dverumcfftt
637 2358 684 2410 43.
705 2347 733 2395 et
751 2339 1052 2414 janeucarmerarius.
1087 2341 1128 2399 Iit

113 2418 202 2474 verive
213 2418 375 2494 Μίνωι.
400 2420 500 2479 Minus
522 2416 587 2494 qui·
637 2417 748 2494 praeivit
779 2416 955 2484 instantius,
980 2418 1049 2475 Dis.
1079 2418 1129 2476 lu·

115 2498 176 2555 dem
190 2496 320 2575 congerie:
341 2518 403 2557 cum
426 2498 541 2557 Socrates
562 2495 589 2553 in
637 2497 691 2555 stit.
713 2497 761 2555 lib.
785 2498 806 2554 i.
828 2510 957 2575 cap.15.
982 2499 1041 2566 ubi,
1055 2498 1129 2576 post·

111 2576 219 2635 mnibus
232 2580 293 2654 scre
300 2578 457 2657 sermonibus
477 2579 517 2636 ita
537 2575 588 2653 dis·
637 2596 723 2655 quarn
753 2596 790 2635 ex
823 2576 935 2654 hujusce
972 2578 1035 2635 libri
1066 2598 1128 2657 cap.

110 2672 233 2734 praeeant
257 2660 323 2719 nibil
340 2659 450 2734 affirm
469 2661 526 2737 ipse,
550 2678 590 2717 ra·
639 2676 714 2716 xus.
743 2659 876 2717 nonnulla
899 2658 1067 2724 laudaverat,
1089 2662 1131 2719 ita

107 2738 180 2813 sallat
198 2740 276 2810 adet,
305 2740 371 2799 nibil
385 2740 417 2817 fi
428 2738 496 2819 scira
520 2738 591 2797 dicae
639 2738 754 2798 subdit:
799 2739 913 2814 Testatus
946 2738 981 2814 cst
1012 2739 1131 2800 videlicet

116 2818 196 2891 aiflid
210 2819 301 2898 pſsum,
322 2820 591 2899 eaquepraestarecca·
640 2824 753 2878 Arctet
797 2818 968 2897 masticatiam
1001 2838 1035 2877 ta·
1073 2821 1131 2898 ipsts

116 2899 179 2969 teris,
196 2902 257 2977 qaod
273 2902 315 2961 illi
329 2922 389 2980 quae
402 2900 510 2977 nesciant
523 2900 592 2977 scire
639 2900 758 2975 mysteriis
778 2899 886 2975 intelligi
900 2899 975 2977 poffl,
994 2898 1063 2975 quod
1078 2919 1132 2957 om-

112 2978 256 3057 sepultam
281 2981 370 3060 ipsese
394 2980 544 3059 ra'bilseire,
564 2978 594 3037 id
640 2999 683 3037 nes
721 2979 760 3037 illi
796 2978 903 3036 homiues
929 2980 1053 3054 fuerunt,
1086 2980 1133 3058 qui

120 3077 191 3117 anam
200 3058 272 3136 sciat,
285 3074 319 3120 ut
337 3062 379 3119 ait
392 3062 489 3127 noster,
504 3061 593 3119 Acad.
642 3059 768 3119 coluntur.
815 3060 981 3117 Immerito:
1016 3060 1133 3118 Atticus

24 3196 26 3203 ,
121 3138 138 3196 i.
149 3160 175 3209 ⁴·
193 3142 263 3199 llinc
276 3142 405 3218 sequaces
414 3140 475 3218 ejus
487 3142 595 3199 Acade·
644 3142 719 3198 enim
747 3153 809 3197 tutu
836 3140 969 3217 temporis
998 3138 1077 3197 senex
1103 3161 1133 3198 e·

123 3220 182 3277 miei
192 3224 268 3281 ouda
287 3225 315 3281 in
328 3221 402 3281 rebus
416 3220 531 3279 lunonis
546 3220 597 3277 du·
645 3232 702 3291 rat,
714 3220 825 3296 juvenis
836 3231 930 3277 autem
946 3220 1056 3297 ille,qui
1066 3238 1133 3278 curn

123 3296 170 3367 bia,
193 3301 290 3369 arata,
308 3301 439 3381 superfit,
470 3301 598 3380 magisque
646 3302 778 3359 Cicerone
791 3299 954 3377 disputait,
964 3313 995 3356 ut
1009 3313 1086 3379 patet
1100 3320 1134 3358 ex

123 3380 594 3443 maiavrnrsrurnracuauvana
647 3381 695 3438 lib.
721 3382 750 3439 ii.
774 3400 837 3457 cap.
862 3398 907 3440 11.
957 3380 1021 3438 Hac
1048 3382 1136 3457 igitur
1211 3373 1219 3393 '

125 3458 269 3522 statuerunt.
310 3464 404 3520 Verba
419 3463 481 3521 sunt
498 3464 597 3521 Minu·
646 3463 735 3529 litera,
745 3462 819 3537 quod
829 3462 914 3517 etiam
927 3459 1136 3519 Lambinusvi-

127 3539 160 3593 cii
171 3540 257 3601 Felicis
268 3546 297 3601 in
311 3542 378 3603 ou.
392 3562 453 3621 cap.
469 3556 496 3620 5.
527 3542 597 3600 Haec
645 3542 698 3607 dit,
707 3540 888 3618 Adolescentcm
907 3541 1031 3598 denotari
1056 3540 1136 3618 puto}

128 3618 236 3694 pluribus
256 3626 403 3691 ostendere,
423 3624 533 3681 nullum
556 3621 597 3679 es·
647 3624 726 3679 Licet
739 3632 831 3678 autem
845 3622 904 3678 siro
925 3621 966 3679 illi
981 3619 1066 3679 doslo
1085 3640 1137 3678 nec
1193 3607 1216 3634 ⁸*

127 3698 166 3755 sel
191 3706 332 3779 negotium,
354 3702 398 3761 sed
425 3705 454 3761 in
476 3704 598 3761 teclam
646 3704 690 3759 lrre
708 3722 759 3759 nec
780 3703 842 3759 aliae
863 3702 1040 3778 personarum
1062 3710 1139 3759 notre

127 3778 190 3854 tylo
198 3786 411 3862 temperandum.
434 3784 596 3842 Aditamen
646 3801 662 3839 a
675 3782 765 3839 Tullii
780 3802 865 3839 manu
880 3781 957 3838 fuisse
970 3782 1117 3839 videantur
1126 3805 1137 3853 ;

129 3860 158 3915 fit
180 3864 358 3941 Augustinurn
388 3876 484 3923 contra
507 3864 596 3920 Acad.
647 3882 691 3919 me
706 3874 799 3920 tamen
815 3882 871 3920 non
892 3860 1140 3920 habet-assentien-

129 3938 172 3995 lib.
187 3942 212 4001 ii.
223 3964 300 4023 capp.
315 3946 346 4013 6,
360 3964 403 4014 rr,
420 3962 466 4021 13.
489 3955 517 4001 et
539 3942 600 4001 nos·
649 3952 717 4000 tem.
749 3944 853 4005 Immo.
864 3942 911 3999 nifi
923 3940 1012 4008 fallor,
1027 3944 1056 3999 in
1068 3962 1140 4001 non·

131 4028 196 4077 lrurn
209 4024 275 4083 insra
288 4044 391 4103 cap.9.
650 4024 736 4080 nullis
748 4024 890 4081 codicibus
903 4040 949 4077 eas
964 4024 1141 4097 praetermifit

167 4106 222 4161 Ἀ.
237 4106 343 4164 Malum
359 4104 419 4163 midi
430 4104 496 4176 ἂι]
514 4104 601 4161 Uter·
650 4102 841 4161 Librariorum
857 4102 1036 4179 negligentia.
1066 4104 1140 4161 Vide

135 4196 180 4251 que
196 4186 272 4243 codex
284 4185 386 4245 Eliens.
399 4186 527 4243 Atticum
544 4183 602 4240 col·
652 4183 887 4242 lsCasaubonum
897 4184 932 4239 ad
942 4182 1142 4260 DionisClrry·

132 4257 266 4325 locatorem
286 4266 425 4346 agnoscit,
448 4286 498 4325 uec
523 4264 602 4325 aliter
650 4264 850 4325 sosiotniOret.
862 4265 923 4323 ni.
932 4283 962 4342 p.
977 4264 1025 4336 38.
