2817 4859
394 388 554 455 arnan
581 388 849 453 aurnuns,
1072 395 1126 473 ιω

96 548 197 641 tutis·
219 548 294 639 vim
326 546 437 647 ipsam
470 546 669 647 continens,
699 549 936 641 Pulchritudo
964 566 1124 628 vocatur.

95 650 268 746 Itemque¹
291 646 427 723 viribus
458 648 616 748 corporis
645 666 684 723 et·
710 648 826 722 nervis
856 668 891 723 et
919 648 1123 728 efficacitati

94 747 269 838 *fimilea
285 743 530 847 similibusque
545 748 663 822 verbis
686 747 795 839 animi
822 748 912 823 vires
936 750 1125 824 nominan-

95 866 169 922 tur.
218 846 399 919 Velocitas
428 865 548 922 autem
572 846 743 959 porporis,
771 846 939 923 Celeritas
967 850 1125 947 appella-

96 966 181 1021 tur:
208 971 292 1057 quae
308 948 431 1019 eadem
453 947 585 1045 ingenit
612 948 718 1019 etiam
737 946 812 1020 laus
834 946 997 1037 habetur,
1014 960 1124 1047 prop-

96 1063 153 1119 ter
172 1046 282 1117 anoni
307 1046 501 1131 multarum
528 1068 644 1119 rerum
666 1044 765 1119 brevi
792 1064 953 1145 tempore
976 1068 1123 1145 percur-

96 1144 248 1233 tionem.
541 1198 544 1203 -

120 1240 254 1335 :XIV.
280 1242 377 1315 Illud
405 1243 605 1318 animorum
637 1266 898 1340 corporumque
930 1240 1122 1319 diffinite:

98 1342 200 1439 quod
232 1341 342 1413 animi
368 1343 525 1415 valentes
553 1340 709 1415 hmorbo
742 1341 868 1414 tentari
900 1343 1057 1439 potsunt,
1083 1362 1126 1417 ut

97 1464 249 1538 corpora
280 1438 450 1539 poliunt:
490 1440 551 1513 sed
581 1464 771 1537 corporum
804 1438 1017 1515 otiiensrones
1048 1442 1122 1516 fine

98 1542 208 1637 culpa
222 1538 384 1616 accidere
399 1538 567 1637 pollunt3
588 1538 789 1612 animorum
806 1564 875 1611 non
894 1537 1003 1613 item:
1031 1566 1124 1652 quo-

97 1663 178 1711 rum
196 1662 320 1711 omnes
336 1636 453 1711 morbi
470 1652 506 1711 et
520 1637 800 1734 perturbationes
818 1663 865 1711 ex
881 1638 1123 1737 aspernatione

97 1736 244 1811 rationis
268 1734 460 1810 eveniunt:
486 1736 606 1832 itaque
632 1734 668 1809 in
689 1736 894 1812 hominibus
920 1737 1035 1811 solum
1058 1763 1124 1811 ex·

99 1834 209 1909 istunt
226 1863 237 1911 t
264 1860 348 1909 nam
363 1833 371 1879 ἰ
384 1834 505 1910 bestiae
521 1833 634 1908 finite
651 1833 824 1932 quiddam
841 1834 990 1921 faciunt,
1008 1836 1068 1909 sed
1085 1837 1124 1909 in

97 1934 378 2044 perturbationes
393 1959 467 2008 non
483 1931 661 2007 incidunt.
703 1936 799 2007 Inter
815 1950 939 2008 acutos
952 1953 1070 2009 autem
1088 1954 1125 2010 et

99 2052 191 2106 mter
217 2033 363 2107 hebetes
388 2032 553 2117 interest;
605 2033 679 2106 uod
700 2032 886 2130 ingeniosa,
912 2050 953 2107 ut
978 2056 1027 2107 aes
1052 2034 1125 2109 Co·

98 2129 274 2205 rinthium
299 2131 335 2203 in
360 2132 568 2229 aeruginem,
579 2058 634 2205 irc
657 2129 711 2205 illi
732 2132 769 2205 in
794 2134 962 2206 morbum
978 2150 1015 2205 et
1031 2130 1124 2207 inci-

97 2232 191 2303 dunt
207 2228 342 2304 tardius
358 2249 394 2305 et
409 2247 610 2303 recreantur
626 2228 751 2303 ociuaz
774 2231 918 2305 hebetes
935 2256 1008 2305 non
1024 2230 1123 2307 item.

99 2330 181 2402 Nec
211 2328 357 2401 veroin
386 2352 531 2404 omnem
557 2328 726 2401 morbum
753 2352 795 2401 ac
824 2328 1128 2426 perturbationem

97 2426 239 2501 animus
264 2426 439 2528 ingeniofi
463 2426 586 2514 cadit;
612 2424 718 2501 ¹‘non
736 2425 832 2501 enim
854 2427 892 2500 in
908 2428 1019 2502 ullam
1036 2428 1125 2503 effe·

135 2684 277 2755 asiatio,
286 2684 474 2763 similibusque
483 2680 585 2760 verbis]
634 2683 697 2743 aioni
722 2685 790 2745 locus
814 2684 972 2763 est—Muta
1000 2683 1126 2745 animalia

96 2768 202 2847 Vulgo,
216 2767 324 2845 fimilcs.
339 2766 470 2843 similibus
489 2764 587 2826 verbu.
634 2766 753 2824 humanis
778 2764 915 2843 afflatibus
940 2780 1046 2837 curantr
1077 2764 1126 2823 ba-

97 2849 149 2907 sat
172 2848 246 2925 Reg.
269 2847 407 2905 Pithoean.
430 2847 538 2905 Balliol.
558 2855 588 2905 et
635 2845 694 2905 beat
714 2860 798 2907 autem
812 2846 909 2925 stmiler
931 2846 984 2905 illis
1006 2844 1126 2925 quosdam

98 2940 201 2989 vetere·
222 2928 292 2985 editi
314 2926 472 2995 leffionern,
499 2946 587 3005 quam
633 2925 763 3005 impulsus.
789 2928 867 2985 Hinc
877 2926 963 2985 Stoici
976 2928 1051 3003 apud
1061 2926 1125 2985 Sto·

98 3007 521 3167 attonitam
553 3094 587 3144 a
632 3007 1125 3151 altartrtttttttro:

96 3185 199 3248 corpora
219 3168 331 3247 poffuat]
367 3168 473 3245 Vulgo,
504 3164 587 3226 morbo
633 3176 720 3225 tuunt
745 3163 795 3241 niv
822 3186 856 3228 ra
876 3165 904 3227 ἐν
927 3166 984 3235 roir
1002 3170 1126 3245 λογικοῖς

96 3251 191 3309 tentari
210 3270 267 3307 non
283 3248 393 3328 posunt,
412 3266 514 3326 corpora
527 3240 592 3327 prffl
633 3242 799 3327 yryvopar’tar
813 3242 894 3329 ὁρμὴν
909 3241 952 3325 nol
964 3243 1012 3323 τὴν
1027 3244 1054 3305 ἐν
1068 3250 1125 3315 τοῖς

88 3330 172 3406 [ηις
195 3350 249 3389 nec
269 3331 372 3387 abeunt
389 3328 504 3387 codices.
544 3330 587 3386 At
635 3323 753 3406 ἀλόγοις
777 3325 865 3405 ζώοις.
895 3328 969 3387 Vide
991 3338 1020 3386 et
1040 3324 1125 3386 Gale·

98 3410 156 3487 ipsa
169 3410 331 3468 reoveritati
345 3420 500 3488 repugnat:
516 3427 588 3483 qua·
635 3428 705 3467 num
719 3409 754 3466 de
766 3410 863 3488 dogm.
873 3406 1011 3486 Hippocr.
1021 3418 1049 3465 et
1063 3408 1126 3466 Pla-

97 3501 211 3569 propter
222 3491 444 3548 emendationem
464 3487 587 3547 Bentlei-
636 3499 696 3547 ton.
717 3488 766 3548 lib.
782 3488 820 3547 iv.
840 3509 902 3567 cap.
920 3506 946 3547 a.
967 3506 1032 3567 pag.
1058 3502 1126 3565 137.

97 3590 178 3629 anam
194 3570 296 3647 recepi.
636 3570 720 3628 Certe
742 3588 808 3627 cum
832 3566 918 3629 Stoici
942 3568 1127 3645 perturbatio·

138 3648 361 3728 ίΒιβιίεβιιιὶῖι
378 3647 499 3729 quiddam
511 3650 588 3727 saci·
636 3668 685 3707 ner
711 3649 741 3706 in
766 3650 869 3708 animae
892 3659 971 3727 parte
998 3644 1126 3706 rationali

97 3744 155 3801 met,
164 3731 218 3809 scd
235 3732 263 3787 in
273 3728 471 3808 perturbationes
486 3750 533 3787 non
547 3731 588 3787 in·
635 3728 780 3799 collocent,
794 3749 880 3808 eaque
898 3739 1009 3786 careant
1025 3726 1127 3794 bestiae,

96 3810 199 3889 ridant]
223 3812 269 3870 Sic
280 3812 380 3868 Seneca
392 3812 427 3869 de
440 3812 495 3876 Ira,
506 3811 555 3868 lib.
567 3810 588 3869 i.
636 3809 889 3887 perturbationibus
902 3818 1013 3869 careant
1024 3802 1127 3865 aecelse

97 3912 158 3970 cap.
172 3890 384 3969 affluendum
403 3892 438 3967 est
448 3892 526 3967 seras
546 3890 588 3947 ira
637 3889 685 3947 est.
1074 3906 1079 3916 ·
1154 3912 1158 3923 ·

95 3992 189 4041 carere,
201 3986 228 4031 et
244 3971 330 4028 omnia
342 3985 437 4049 praeter
450 3971 587 4041 homirnum
677 3964 692 4007 '¹
713 3971 773 4029 Non
792 3970 857 4029 enim
878 3970 907 4027 in
927 3968 1015 4026 ullam
1029 3964 1125 4052 effera·

96 4072 229 4114 marcum
238 4053 280 4129 fit
300 4050 403 4108 inimica
415 4052 516 4119 rationi,
531 4048 589 4128 aas·
636 4060 706 4119 tam,
726 4064 751 4109 et
766 4048 1061 4126 immanemlvulgo,
1078 4066 1128 4115 aaa

97 4149 277 4209 quantarum
296 4130 469 4210 naseiturmfi
487 4130 531 4189 abi
543 4150 588 4193 ra·
635 4130 702 4188 eninr
721 4130 804 4193 multa
820 4128 928 4207 efflrata
950 4142 974 4190 et
994 4128 1128 4268 immargipd

658 4228 704 4286 ⁸4
