2817 4859
395 339 555 406 araur
584 342 851 408 ouanrus.
1080 349 1137 432 ny

116 501 206 578 nihil
227 501 264 576 iu
281 501 317 576 se
332 501 402 576 effe
417 503 570 592 virtutis,
586 500 676 576 nihii
693 503 815 590 animi,
833 503 923 578 nihil
939 503 1064 596 officii,
1082 505 1138 581 ni·

116 601 170 678 hil
203 599 422 676 honestatis:
464 619 608 698 propter
632 603 725 676 mala
748 603 777 674 is
801 603 947 699 quidem
974 625 1136 703 angatur,

115 699 176 776 sed
191 699 263 774 alia
279 702 443 794 quaedarn
458 701 503 772 fit
516 702 564 772 ad
579 725 661 774 eum
676 704 900 774 admovenda
914 704 1049 776 curatio
1064 737 1073 789 ;
1100 725 1137 778 et

113 799 193 872 talis
221 799 492 896 quiderm-quae
520 799 627 893 poffit
657 800 726 871 effe
753 800 926 883 omnium,
953 801 1060 874 etiam
1090 807 1137 878 de
1182 873 1185 882 ,

113 897 251 974 caeten'r
270 898 375 1013 tepus
389 895 996 996 discrepantium,philosophorum.
1040 901 1137 976 Inter

113 1019 361 1073 omneremm
386 997 576 1072 convenire
602 1013 753 1094 oportet,
779 996 1035 1070 commotiones
1058 999 1136 1072 aui·

111 1119 269 1179 morum,
294 1120 316 1166 a
341 1095 440 1168 tedia
467 1094 600 1170 ratione
622 1094 767 1180 aversas,
794 1095 863 1168 esse
892 1093 1055 1170 vitiosas:
1081 1115 1135 1190 ut,

108 1194 273 1268 ¹etiamst
298 1196 391 1266 maia
413 1193 482 1266 sant
505 1193 578 1280 illa,
594 1219 674 1290 qua
701 1210 838 1266 metum
868 1193 1135 1290 aegritudiuem-

108 1317 183 1378 τις
220 1295 327 1382 bona,
352 1317 436 1390 quae
468 1290 699 1390 cupiditatem
725 1291 930 1364 laetitiamve
956 1312 1135 1388 moveant,

110 1411 231 1466 tamen
247 1391 293 1466 fit
308 1389 432 1466 vitiosa
451 1388 525 1488 ipsa
549 1389 766 1464 commotior
793 1392 1012 1464 constantem
1037 1393 1135 1470 enim

110 1492 293 1588 quendam
307 1492 486 1578 volumus,
504 1490 674 1580 sedatum,
691 1513 847 1586 gravem,
864 1489 1039 1562 ‘humana
1055 1517 1135 1564 om·

111 1588 173 1662 nia
196 1609 430 1687 prementem,
446 1589 551 1661 iilum
567 1590 637 1661 effe
653 1621 664 1673 ;
690 1611 798 1686 quem
816 1589 1080 1686 magnanimum
1096 1607 1134 1666 et

109 1689 242 1764 fortem
268 1686 387 1762 virum
414 1687 591 1763 dicimur:
618 1685 697 1760 talia
721 1703 841 1761 autem
870 1710 936 1760 nec
965 1711 1133 1779 moerens,

59 1995 64 2002 '
148 1987 293 2064 ‘Etiamfi
310 1983 381 2044 nala
389 1982 448 2062 stat
466 1980 525 2053 illa,
538 2002 598 2062 μα
645 1982 713 2042 dum
728 1983 908 2044 contendunt.
942 1983 1027 2046 Haud
1039 1985 1134 2062 inepte

109 2080 203 2126 annum
213 2064 438 2144 agritudinemve5
454 2063 598 2144 barra,quae
645 2064 777 2141 quidem3
797 2084 830 2122 ea
842 2065 917 2122 enim
935 2084 1013 2122 mena
1027 2067 1063 2123 est
1081 2067 1132 2124 Ci-

106 2146 271 2225 capicitatem
290 2145 443 2203 laetitiamve
460 2142 595 2218 moveant]
644 2145 760 2210 ceronis,
778 2155 807 2200 et
824 2144 862 2202 ita
885 2144 978 2222 paffim
997 2147 1132 2222 loquitur.

108 2229 156 2285 lta
169 2227 283 2304 quidem
293 2225 389 2283 Ursini
403 2226 511 2290 libenti
523 2223 597 2281 eiti-
644 2223 722 2285 Mihi
737 2235 830 2284 tamen
841 2243 907 2282 eum
922 2226 1061 2283 lambino
1074 2245 1132 2284 non

108 2307 166 2366 dee.
187 2307 293 2383 Vulgo,
303 2309 401 2384 etiamst
409 2325 459 2363 nec
465 2305 598 2380 malaſsar
643 2313 747 2360 temere
758 2304 901 2361 deserenda
911 2305 1020 2362 videtur
1033 2305 1130 2377 ieelim

107 2418 229 2434 --
239 2407 292 2446 uec
308 2386 390 2452 bonor
412 2405 476 2462 quae
488 2385 596 2444 sensum
645 2402 731 2458 quarn
746 2384 883 2450 codicum,
898 2395 1040 2460 quotquot
1056 2384 1132 2452 sunt,

107 2467 197 2525 menti
212 2468 352 2526 ciceronio
369 2467 539 2524 oontrarium
553 2463 597 2521 sa·
643 2461 766 2521 defendit
780 2462 937 2520 audiuntne.
967 2463 1081 2522 Premara
1093 2465 1131 2524 est

106 2549 196 2606 cinnt.
230 2549 295 2605 Hoc
321 2547 391 2606 vidit
421 2546 593 2614 Lambinua;
643 2544 759 2610 calcare,
769 2545 843 2619 quod
853 2543 931 2601 docet
941 2543 1061 2606 Nonius.
1082 2545 1131 2604 Se·

106 2638 276 2708 quapropter
289 2629 365 2705 legit,
375 2627 472 2704 etiamst
483 2635 512 2682 et
523 2625 595 2683 atala
642 2641 720 2691 neca,
733 2621 835 2683 Troad.
848 2621 887 2682 vs.
906 2623 989 2700 1085.

95 2713 222 2787 fini-et
248 2709 334 2769 bana:
369 2709 413 2768 Cl.
437 2726 502 2764 reto
521 2707 595 2766 Ben-
684 2702 808 2780 Semirssa
821 2717 851 2761 aa
867 2703 910 2762 aa
923 2703 1130 2780 tedamelsar·

105 2794 199 2862 tleiua,
212 2789 365 2866 nianfirei
378 2786 594 2863 madefiat—vei
723 2805 766 2841 am
780 2784 908 2842 imminens
1225 2801 1234 2818 ⁶

105 2873 182 2932 dana.
220 2871 297 2928 Mihi
319 2870 418 2946 placet,
437 2867 534 2942 etiamst
556 2885 594 2923 aa
681 2861 883 2922 Muriaadtarr's
897 2881 1029 2921 ransart.

104 2953 244 3029 marafin
257 2950 385 3028 ωαψς
404 2961 495 3006 metuar
513 2946 594 3023 aegrr'·
642 2943 680 3000 Et
704 2943 790 3020 Epist.
812 2945 866 3000 xci.
913 2941 1043 3011 Omnium,
1069 2961 1129 3022 quae

105 3031 271 3100 madm5
294 3048 334 3088 aa
351 3027 426 3096 dona,
442 3049 502 3106 que
521 3027 591 3102 cupi·
641 3036 734 3082 terram
755 3040 913 3090 rannone,
921 3025 1030 3100 strarapr
1047 3021 1089 3079 lea
1101 3043 1128 3082 e·

102 3112 510 3174 aamaaeaavemanr.
539 3107 594 3175 rte,
631 3105 683 3178 sta.
712 3104 800 3168 Idem,
814 3101 900 3179 Epist.
916 3103 989 3160 xciv.
1017 3103 1130 3161 Pedibus

104 3215 160 3256 uon
173 3195 307 3271 opinione
320 3200 440 3250 aarum.
469 3188 594 3256 Plautus,
640 3205 733 3244 aunam
751 3197 776 3240 et
794 3195 926 3260 argentam
937 3180 1053 3260 srrlp'rcr't,
1073 3184 1133 3241 cata

105 3276 231 3334 Rudent.
251 3274 319 3333 Aa.
337 3271 394 3330 111.
414 3271 459 3328 Se.
480 3269 521 3326 iii.
544 3285 591 3324 ar.
640 3261 749 3324 candum
774 3282 797 3322 a
818 3283 850 3320 ac
873 3281 1063 3320 rraneunun
1085 3262 1130 3320 dr-

107 3356 165 3432 Nfi
181 3352 249 3435 quid
266 3374 294 3412 re
308 3348 454 3430 praesidium
472 3364 593 3427 apparas,
641 3345 690 3413 ait,
703 3285 796 3422 quidda
809 3363 852 3400 aas
866 3344 995 3400 calcamur
1015 3363 1046 3398 aa
1066 3361 1129 3420 pre·

106 3435 252 3501 Trachalio,
267 3437 327 3492 alia
346 3431 401 3489 baec
419 3429 514 3504 retest
555 3428 593 3485 Et
642 3426 756 3484 animur.
783 3421 1130 3491 Ovidiua,Trist.lib.iii.

103 3516 144 3576 ita
166 3515 264 3594 paffim
287 3511 396 3573 Noster.
437 3509 519 3568 Certe
544 3525 591 3566 ne·
642 3505 738 3565 Elui.
755 3521 801 3576 23.
1148 3523 1152 3529 ·

102 3615 175 3674 gana
187 3596 237 3652 illa
249 3591 388 3672 partienla
400 3609 455 3648 nou
469 3591 503 3648 de
516 3588 591 3644 nihi·
682 3583 810 3644 Sabrarre
834 3581 868 3658 ast
892 3601 962 3642 arces
984 3595 1008 3640 at
1025 3580 1129 3657 stantia

103 3679 131 3735 io
143 3676 256 3735 videtur
268 3674 345 3733 libris
358 3671 488 3730 omnibus
504 3669 593 3728 inhae-
720 3663 814 3721 maria
826 3663 932 3720 uirtus:

104 3757 182 3822 fider
212 3774 301 3816 merae
322 3753 400 3812 enim
419 3747 594 3824 eonjedturaa
681 3741 833 3818 Qualibet
854 3743 949 3820 ignaui
964 3740 1129 3820 precipitata

103 3858 154 3914 pro
174 3833 438 3896 mundioribus
457 3830 592 3890 Urfinum
723 3833 862 3901 premunt.

102 3915 262 3982 venditatio,
274 3913 364 3990 questi
376 3912 440 3971 sunt
452 3909 563 3970 eruditi.
582 3921 597 3969 j
641 3906 671 3966 Ia
690 3905 776 3981 igitur
795 3901 910 3962 bumana
927 3901 1011 3958 amaia
1025 3901 1129 3977 premit,

144 3986 590 4068 'Humaaaorrmiaprementem1
641 3985 691 4063 qui
717 4003 750 4042 ea
775 3984 863 4040 calcat
885 3991 913 4037 et
934 3979 1065 4055 despicit3
1095 3981 1130 4040 iis

101 4077 149 4136 ste
166 4095 264 4137 omnen
283 4075 367 4136 MSS.
407 4070 476 4128 Non
495 4066 593 4128 desunt
640 4063 732 4124 fedius
744 4063 781 4121 est
795 4061 917 4138 superior
929 4071 955 4116 et
968 4079 1000 4116 ea
1003 4058 1094 4136 subter
1098 4061 1130 4138 se

103 4167 201 4215 umen
222 4156 273 4232 qui
283 4155 445 4233 spernentem
459 4167 592 4226 reponen-
641 4141 910 4218 redanimatus
924 4137 1033 4210 Noster,
1046 4160 1074 4200 r.
1088 4143 1109 4198 i.
