2817 4859
293 338 343 417 ηδ
504 334 697 403 TUSCUL.
718 336 1109 401 marorurtouttm

306 498 407 597 ipſstm
421 508 578 573 niu'veat:
601 512 619 547 ¹¹
629 500 703 601 quir
718 501 772 591 ιβ,
785 498 843 599 qui
858 498 944 571 hane
958 512 1114 571 naturam
1137 496 1254 569 animri
1275 494 1347 591 ιβί

307 596 467 669 tributam
482 601 608 697 neget?
650 598 835 671 Inanimtun
859 600 902 690 ιβ
923 598 1006 669 enim
1023 623 1124 680 miore,
1202 592 1344 692 dpuffitc

306 696 463 806 agitatur
494 712 637 770 externo.
692 696 791 787 Quod
815 697 1000 788 auteniest
1023 696 1159 780 anima,
1183 694 1223 765 id
1245 709 1344 763 motu

308 810 414 865 cretur
437 794 592 869 interiore
618 812 650 867 et
662 798 740 889 fito.
791 796 883 868 Nam
906 796 977 867 sraec
991 797 1035 887 ιβ
1055 794 1192 893 propria
1206 806 1341 863 natura

308 893 410 965 unimi
424 908 525 991 atque
540 894 595 966 vis
604 927 618 965 .·
633 922 708 995 quae
712 897 749 989 β
764 896 808 988 ιβ
822 921 889 967 una
905 920 944 966 tx
959 892 1115 981 omnibus,
1131 894 1251 992 quaese
1266 891 1342 989 ipfit

295 994 427 1091 semper
451 1010 606 1079 moverim
632 1021 734 1093 neque
757 1011 840 1065 nata
865 1009 954 1065 certe
977 994 1031 1085 ιβ,
1058 1008 1091 1063 et
1119 1008 1246 1063 aeterna
1277 992 1338 1081 ιβ.

309 1090 414 1163 Licet
430 1111 642 1166 concurrant
658 1116 780 1165 omnes
793 1093 924 1190 plebeii
940 1091 1142 1189 philosophi
1156 1092 1219 1180 (stc
1235 1089 1341 1161 enim

305 1189 361 1278 hi,
379 1189 441 1287 qui
458 1216 479 1263 a
496 1192 643 1265 Platone
663 1210 699 1265 et
724 1195 869 1265 Socrate
893 1210 930 1263 et
954 1193 999 1265 ab
1021 1216 1060 1263 ea
1085 1188 1218 1261 familia
1234 1188 1342 1259 dissi-

310 1290 408 1377 dent,
425 1290 625 1386 appellandi
643 1290 826 1384 videntur)
842 1316 915 1364 nou
931 1292 1042 1363 modo
1059 1288 1152 1364 nihii
1175 1312 1342 1384 unquam

309 1404 386 1459 tam
401 1388 578 1485 eleganter
594 1390 837 1486 explicabunt,
855 1391 915 1462 sed
938 1416 984 1461 ne
1009 1389 1078 1461 hoc
1105 1386 1253 1483 quidem
1277 1385 1341 1481 ip·

310 1485 400 1569 sum,
433 1510 541 1583 quam
580 1488 754 1561 subtiliter
787 1489 997 1561 conclusum
1028 1488 1085 1575 fit,
1119 1485 1340 1582 intelligent.

310 1583 426 1657 Sentit
450 1584 559 1681 igitur
583 1586 720 1661 animus
745 1587 779 1659 se
802 1586 962 1660 moveri:
990 1588 1195 1682 quodcum
1218 1584 1343 1673 sentit,

311 1683 401 1755 illud
428 1710 499 1755 una
523 1685 627 1757 sentit
653 1684 741 1759 sevi
762 1687 833 1771 sua,
854 1712 927 1758 non
950 1684 1077 1773 aliena,
1100 1682 1252 1767 moveri,
1270 1709 1343 1756 nec

308 1782 471 1856 accidere
496 1786 606 1881 posse,
622 1804 664 1857 ut
684 1785 757 1881 ipse
772 1810 932 1881 unquam
948 1812 970 1857 a
985 1786 1019 1857 se
1036 1783 1224 1855 deseratur.
1276 1783 1343 1856 Ex

223 1954 227 1965 ,
310 1906 385 1976 quo
412 1882 567 1955 efficitur
595 1872 771 1957 aternisas
786 1916 797 1969 3
830 1884 896 1955 nist
919 1882 1009 1978 quid
1037 1883 1144 1953 habes
1170 1883 1214 1955 ad
1241 1882 1342 1955 hoec.

312 1983 359 2051 A.
378 1980 458 2077 Ego
475 2005 559 2053 vero
576 1995 591 2026 ⁰
606 1982 709 2055 facile
732 1984 798 2053 sim
822 1983 938 2081 passus
963 2006 1007 2053 ne
1025 1981 1060 2053 in
1078 1998 1235 2052 mentem
1252 1980 1342 2077 qui-

312 2079 397 2187 dem
413 2076 500 2152 mihi
517 2077 652 2179 aliquid
671 2080 953 2159 contravenire:
982 2078 1030 2152 ira
1055 2079 1112 2151 isti
1137 2080 1239 2150 saveo
1259 2080 1344 2151 sen-

309 2191 443 2247 tenua.

360 2274 502 2349 XXIV.
529 2276 588 2351 M.
608 2279 707 2351 Quid
724 2281 736 2352 ἓ
763 2278 825 2352 ilia
842 2282 983 2353 tandem
1000 2304 1089 2351 num
1103 2278 1236 2351 leviora
1252 2304 1344 2351 cen·

310 2374 392 2449 sest
428 2399 509 2472 quae
535 2378 715 2449 declarant
739 2377 847 2453 inesse
872 2378 909 2450 in
932 2376 1057 2449 animis
1075 2378 1265 2449 bominum
1283 2378 1344 2450 di-

311 2471 395 2554 vina
423 2476 610 2569 quaedam:
646 2500 728 2571 quae
758 2476 788 2548 st
821 2500 1000 2549 cernerem
1033 2478 1345 2573 quemadmodum

312 2569 405 2641 nasci
424 2572 581 2669 possent,
598 2572 705 2647 etiam
721 2576 1024 2671 quemadmodum
1042 2575 1224 2647 interirent
1236 2574 1344 2647 vide-

312 2692 397 2749 rem.
438 2682 454 2729 P
471 2668 569 2745 Nam
585 2669 803 2769 sanguinem,
821 2672 944 2763 bilem,
959 2672 1136 2771 pituitam,
1155 2675 1245 2762 ossa,
1257 2698 1345 2746 ner-

312 2870 462 2940 ertaverit3
483 2873 601 2928 simodo
617 2890 682 2930 cum
703 2876 802 2931 Mure·
849 2874 985 2951 inquiror,
997 2876 1072 2951 quod
1085 2877 1121 2931 ab
1136 2874 1198 2949 ipsis
1218 2874 1347 2949 pbiloso-

283 2970 287 2976 “
311 2960 351 3015 to,
365 2950 503 3009 Lambino
519 2972 552 3009 ac
564 2953 689 3011 Fabricio
709 2954 803 3012 rescri-
850 2954 924 3031 phiae
934 2955 1092 3030 primordiis
1102 2956 1230 3011 animum
1242 2953 1269 3010 se
1280 2974 1348 3029 prr·

311 3031 549 3095 bas,vt1ronridat
564 3034 736 3091 masculum
749 3056 802 3092 ont-
850 3045 935 3111 petuo
955 3054 1064 3092 movere
1083 3035 1244 3092 statuerunt.
1276 3036 1349 3091 Plu·

312 3109 395 3186 nffque
408 3120 479 3169 terra
493 3121 521 3169 et
534 3115 647 3191 confistot
660 3116 749 3193 nectffe
759 3118 803 3190 ιβ.
850 3118 962 3172 tarchus
982 3117 1015 3171 de
1034 3116 1131 3172 Placit.
1151 3114 1204 3169 lib.
1218 3115 1256 3169 iv.
1273 3132 1299 3169 c.
1316 3134 1346 3172 2.

314 3190 356 3246 Eo
379 3204 451 3247 certe
474 3194 581 3249 ducunt
604 3193 661 3271 ipsa
681 3196 803 3253 Platonis
852 3194 952 3265 Θαλῆς
976 3192 1135 3269 irruituro
1157 3190 1264 3272 πρῶτος
1291 3190 1347 3268 τὴν

312 3272 409 3339 verba;
422 3291 474 3328 nec
480 3272 549 3329 mibi
559 3274 674 3331 dubium
681 3276 800 3346 videtur,
848 3272 955 3353 ψυχὴν,
970 3261 1213 3352 eirtr'drtnimrte
1225 3270 1244 3347 ‘i
1256 3269 1346 3330 αότο-

313 3352 381 3425 quin
398 3353 438 3408 ita
451 3352 584 3428 scripserit
598 3356 722 3412 Tullius.
849 3355 962 3428 uitreo-t.
1005 3356 1078 3412 Haec
1110 3354 1222 3411 exhibet
1253 3354 1349 3411 etiam

353 3440 366 3467 '¹
387 3434 456 3504 ‚Quis
473 3434 515 3509 cst,
533 3434 577 3510 qui
596 3432 663 3491 hanc
680 3445 802 3493 naturam
850 3439 983 3502 StobaeuS,
996 3436 1093 3512 Eclog.
1113 3435 1192 3510 Phys.
1210 3452 1278 3509 pag.
1293 3452 1348 3509 93.

313 3512 458 3591 animisrffl
471 3513 594 3570 tributum
609 3516 723 3592 aegest]
740 3518 801 3574 Pia·
851 3518 884 3574 sd
905 3527 998 3574 tamen
1021 3517 1112 3593 postea
1131 3516 1245 3590 negavit
1263 3515 1348 3571 Aris·

312 3602 351 3661 to,
367 3612 430 3668 pag.
443 3610 510 3666 344.
520 3594 558 3653 D.
572 3597 614 3652 ed.
629 3598 722 3674 Lugd.
747 3602 802 3655 stu-
850 3598 955 3662 totelcs,
976 3595 1055 3671 cujus
1076 3597 1194 3652 rationes
1213 3594 1349 3670 suppedi-

311 3671 369 3767 χῇς
384 3670 465 3730 &aiv-t
480 3692 509 3729 re
525 3669 550 3755 u}
566 3673 650 3769 ξόγιν
661 3674 740 3735 τοῦτο
751 3674 802 3736 eti·
851 3678 922 3734 tabit
938 3678 1098 3734 Macrobius
1114 3677 1142 3731 in
1158 3677 1255 3732 Somn.
1269 3676 1352 3749 Scip.

195 3816 196 3819 Ἴ
311 3771 343 3811 ro
368 3774 410 3820 τις
437 3752 529 3829 λέγων
554 3775 600 3811 otu
624 3755 802 3837 αἰσχυνεῖται.
852 3758 1077 3834 iib.ii.cap.14.
1098 3757 1170 3812 Vide
1184 3748 1352 3821 Eusebium,

312 3834 418 3909 Legisse
440 3835 549 3892 videtur
576 3835 683 3903 Cicero,
704 3835 802 3927 ψυχῆς
852 3840 882 3897 P.
895 3838 926 3894 E.
941 3838 988 3894 lib.
1005 3856 1050 3896 xv.
1065 3858 1126 3913 cap.
1143 3854 1187 3895 11.

313 3910 405 3971 tiriae
426 3933 456 3971 rr
480 3909 505 3993 x}
525 3912 610 3991 λόγον
631 3916 710 3974 rosio
734 3914 802 3975 aeri
892 3919 905 3945 ⁰
929 3918 1072 3974 Facilcsm
1087 3916 1188 3995 puffits]
1210 3915 1256 3976 Sic
1269 3916 1347 3993 Reg.

311 3990 352 4058 τίς
371 3996 400 4051 ου’
426 3992 529 4072 λέγων,
552 3991 600 4051 οὐκ
623 3996 800 4073 αῐχυνεΐταις
851 3998 929 4056 Med.
941 4012 969 4055 et
982 3998 1093 4056 Balsiol.
1127 3998 1234 4073 Vulgo,
1239 3996 1316 4071 sum.

312 4074 377 4129 Hoc
390 4074 537 4132 observasse
553 4076 649 4133 debuit
661 4078 803 4145 Muretus,
891 4088 905 4125 Ρ
927 4077 1165 4157 Νἱιιιβιιιὲιιὶηιηι,
1178 4076 1261 4143 silem,
1276 4078 1347 4153 δια]

312 4153 381 4212 Var.
407 4154 485 4215 Leti.
507 4156 568 4215 viii.
591 4174 621 4231 3.
666 4158 712 4215 Ita
739 4178 806 4219 vero
851 4160 892 4220 D.
911 4160 1052 4218 Lambino
1073 4156 1279 4217 rescribendum
1303 4162 1349 4215 vi·

1252 4240 1351 4310 detur,
