2817 4859
303 371 367 437 μς
508 353 704 418 TUSCUL.
731 353 1121 420 DISPUTATIONUM

303 513 348 594 sit
364 513 460 588 effe?
497 514 672 612 Epicurus
688 539 831 588 veruca
841 515 943 605 dicit,
957 531 999 590 ut
1014 514 1104 590 mihi
1117 515 1265 611 quidem
1282 520 1338 590 ri-

304 614 360 691 sus
377 629 515 710 captare
531 613 691 688 videatur
707 643 717 686 ε
735 613 888 690 affirmat
904 613 1000 688 enim
1014 616 1170 710 quodam
1186 617 1284 704 loco,
1297 616 1341 689 Si

300 728 426 786 uratur
442 711 591 810 Sapiem,
605 714 642 805 st
658 711 847 800 cmcierur3
874 713 1056 810 exspedlas
1081 713 1222 786 sortasse
1242 715 1339 792 dum

301 810 413 895 dicat,
445 811 613 899 Patiemr,
642 811 806 908 perferet,
831 837 906 884 non
935 811 1166 905 succumbet3
1201 837 1338 909 magna

300 910 506 984 mehercule
523 911 610 993 laus,
628 925 664 981 et
680 909 816 1007 eoipso
832 934 1019 1006 perquem
1036 909 1152 1004 juravi
1170 904 1348 986 Hercule¹

257 1037 261 1044 ·
302 1010 435 1106 digna:
463 1009 522 1080 sed
546 1006 704 1104 Epicuro
730 1008 868 1090 homini
893 1010 1013 1105 aspero
1029 1026 1064 1081 et
1080 1010 1173 1082 duro
1188 1035 1263 1082 non
1281 1012 1338 1085 est

302 1109 373 1180 hoc
392 1106 492 1178 satis:
519 1105 587 1176 eln
604 1103 801 1179 Phalaridis
825 1123 921 1180 tauro
935 1109 972 1200 ſs
995 1108 1074 1194 erit,
1091 1107 1191 1196 dicet,
1208 1110 1338 1184 Quam

303 1207 407 1278 suave
426 1205 474 1276 est
494 1208 501 1276 l
530 1229 637 1300 quam
655 1204 726 1278 hoc
744 1231 817 1278 non
834 1210 944 1280 curo!
990 1206 1251 1280 nuncetiam?
1286 1233 1337 1281 an

302 1327 427 1402 parum
443 1303 508 1390 est,
525 1303 553 1376 sr
570 1329 642 1376 non
659 1304 848 1378 amarum?
897 1307 949 1378 At
964 1305 1002 1378 id
1019 1306 1165 1402 quidem
1181 1306 1231 1377 illi
1249 1305 1338 1402 ipfi,

298 1402 365 1500 ¹qui
392 1403 552 1474 dolorem
569 1405 704 1476 malum
719 1403 788 1476 esse
806 1422 949 1500 negant,
967 1429 1037 1476 non
1057 1405 1167 1476 solent
1183 1403 1307 1476 dicere
1322 1437 1335 1490 ς

299 1501 472 1598 cuiquam
497 1503 611 1594 suave
642 1502 711 1574 esse
745 1500 919 1576 cruciari:
961 1503 1135 1600 asperum,
1166 1500 1336 1592 difficile,

302 1601 479 1684 odiosum,
502 1618 626 1672 contra
650 1619 812 1674 naturam
833 1602 1080 1685 dicunt31nec
1106 1619 1225 1675 tamen
1252 1625 1337 1676 ma·

299 1701 402 1774 lum:
422 1698 480 1772 hic
498 1697 581 1795 fqui
600 1723 671 1770 non
691 1698 805 1772 solum
822 1699 893 1772 hoc
911 1701 1045 1775 malum
1062 1697 1234 1787 dicit‚,sed
1253 1725 1336 1772 ma·

301 1800 419 1872 lorum
435 1798 596 1871 omnium
613 1814 826 1894 extremum,
843 1798 1034 1894 sapientem
1050 1798 1168 1872 censet
1190 1797 1228 1870 id
1251 1798 1336 1872 sun·

301 1923 346 1969 ve
372 1897 566 1971 dicturum.
617 1897 697 1992 Ego
724 1921 746 1968 a
771 1912 807 1968 te
828 1921 902 1968 non
927 1897 1082 1994 postulo,
1104 1915 1145 1969 ut
1167 1897 1336 1972 dolorem

303 1994 435 2068 eisdem
451 1994 568 2067 verbis
590 1994 736 2083 afficias,
751 2006 768 2053 ὅ
781 1995 912 2089 quibus
937 1994 1113 2092 Epicurus
1143 1991 1336 2095 [volupta-

295 2091 409 2195 ‚tem,]
435 2093 545 2164 homo
570 2108 611 2164 ut
640 2090 705 2166 scis
725 2092 953 2189 voluptarius.
1004 2092 1070 2167 Ille
1093 2091 1224 2166 dixerit
1247 2095 1335 2169 sune

301 2191 398 2264 idem
414 2191 452 2264 in
470 2189 663 2264 Phalaridis
689 2209 805 2279 tauro,
822 2193 921 2287 quod
939 2190 968 2263 fi
992 2193 1078 2269 effer
1103 2192 1139 2264 in
1164 2192 1305 2266 ledlulo
1323 2224 1334 2268 ε

294 2315 371 2390 ,ego
394 2305 529 2362 tantam
549 2287 625 2368 vim
646 2314 719 2366 non
745 2287 865 2365 tribuo
893 2288 1049 2386 Sapienti
1080 2307 1204 2364 contra
1226 2291 1337 2364 dolo-

302 2415 390 2464 rem.
440 2387 525 2460 ¹¹Sit
552 2383 651 2460 sortis
681 2385 719 2459 in
746 2389 978 2483 perferendo;
1005 2388 1128 2460 officio
1151 2388 1231 2462 sotis
1252 2390 1333 2465 est:

300 2507 343 2562 ut
358 2488 498 2560 laetetnr
514 2487 636 2572 etiam,
656 2511 730 2558 non
754 2487 923 2582 postulo:
948 2485 1053 2560 tristis
1078 2487 1175 2565 enirn
1200 2512 1255 2564 res
1281 2490 1336 2562 est

301 2587 376 2659 stne
401 2583 535 2670 dubi03
562 2586 692 2680 aspera,
717 2609 846 2672 atnam,
863 2584 1006 2658 inimica
1031 2602 1178 2676 natum,
1195 2588 1240 2657 ad
1266 2611 1336 2684 pa-

299 2684 465 2758 tiendum
490 2682 785 2787 tolerandumque
808 2682 978 2760 difficilis.
1028 2684 1158 2782 Aspice
1184 2683 1337 2758 Philoc-

340 2897 407 2956 ‘In
430 2893 581 2956 Phalaridis
598 2910 671 2954 tauro
684 2899 716 2974 ſs
731 2898 790 2966 erit,
838 2898 923 2956 aliam
942 2898 1088 2978 ledlipnem
1112 2919 1171 2977 prae
1189 2899 1217 2957 se
1237 2901 1337 2966 serunt

299 2979 374 3046 dicet,
390 2979 486 3036 Quam
504 2977 584 3036 suave
604 2977 657 3052 est]
684 2977 789 3055 Vulgo,
837 2979 954 3038 codices.

299 3059 345 3118 boc
376 3058 545 3116 adnedtunt:
580 3068 678 3116 contra
703 3079 789 3136 quam
877 3067 892 3106 ὅ
916 3059 1023 3133 Qibus
1049 3060 1175 3137 Epictetus
1199 3061 1338 3140 volupta-

290 3135 477 3196 'rultEliens
491 3149 554 3196 tert.
581 3139 691 3206 Seneca,
702 3139 789 3216 Epist.
838 3139 910 3216 tem]
934 3141 1075 3198 Ultimum
1099 3160 1196 3208 vocem
1216 3143 1335 3202 unum

300 3219 369 3278 lxvi.
399 3218 524 3296 Epicurus
542 3218 589 3286 aii,
605 3217 758 3296 Sapientem,
760 3220 792 3296 st
836 3220 989 3297 cinximus,
1008 3221 1114 3297 quippe
1132 3241 1197 3296 quae
1212 3222 1338 3280 delenda

299 3295 486 3357 inPbalaridis
501 3311 574 3355 tauro
581 3311 731 3376 peroratur,
743 3319 790 3356 ec-
838 3299 895 3358 est:
926 3313 960 3358 ut
984 3299 1031 3358 cl.
1054 3301 1195 3359 Beutleius
1220 3303 1336 3379 optime

298 3379 478 3446 clamaturum,
493 3378 581 3435 Dulce
595 3378 683 3446 est,et
696 3380 731 3436 ad
744 3399 790 3439 me
839 3381 961 3441 monuit.
1191 3422 1194 3429 .

286 3457 342 3518 finit
357 3461 483 3533 pertinet.
507 3459 580 3516 Vide
594 3459 748 3527 Laenium,
760 3479 788 3518 x.
878 3455 893 3496 ¹¹
908 3461 951 3517 Sit
960 3458 1074 3516 sortisin
1079 3457 1241 3538 pefferrndo]
1255 3462 1338 3522 Cum

304 3541 426 3600 118.ed.
441 3539 533 3597 Amsl.
548 3539 691 3604 Noomin,
703 3538 787 3596 Tusc.
837 3541 964 3598 nonnulli
984 3540 1088 3597 codices
1098 3543 1128 3616 ſs
1136 3539 1219 3608 forte,
1239 3543 1293 3600 atii
1306 3543 1339 3620 fi

299 3623 350 3679 lib.
370 3641 397 3676 v.
422 3638 503 3696 capp.
528 3637 572 3686 10,
590 3620 636 3677 26.
657 3619 788 3695 aliosque,
826 3620 901 3692 forre
921 3619 1152 3696 repraesentarent,
1170 3621 1339 3680 Lambinus

300 3719 371 3781 quos
384 3693 479 3762 laudnt
500 3701 557 3756 Pet.
572 3697 732 3756 Gassendus.
745 3699 787 3756 Ο·
823 3699 1038 3778 εῐεΐοτίὶκηάιπῐι
1062 3697 1181 3774 conjecit
1202 3701 1254 3777 effi
1267 3703 1338 3774 sor·

299 3803 357 3860 per.
373 3792 443 3837 tom.
459 3800 485 3836 r.
499 3797 528 3854 p.
543 3781 591 3854 96.
606 3782 648 3836 ed.
663 3781 755 3855 Lugd.
836 3794 893 3844 rem,
908 3799 958 3836 nee
971 3779 1050 3835 aliter
1060 3779 1155 3836 edidit.
1181 3780 1338 3856 Siquidem

284 3854 291 3868 '
341 3860 352 3898 ¹
377 3861 429 3937 Qui
448 3875 505 3915 non
521 3857 606 3934 silum
628 3857 673 3916 hoc
692 3859 788 3916 malum
835 3879 900 3916 vero
911 3879 967 3916 non
977 3858 1074 3917 delient
1082 3859 1164 3920 Mss.
1172 3859 1223 3936 qui
1236 3881 1338 3938 recep·

299 3939 371 4007 dicit,
386 3940 430 3996 sed
445 3939 565 3996 tonsorum
583 3939 691 3995 omnium
705 3952 789 3996 extre·
836 3949 896 3996 tam
910 3939 1055 3997 ledlionem
1070 3939 1168 3998 diserte
1186 3941 1339 4014 pmliant,

300 4017 382 4094 mum]
406 4019 453 4078 Est
466 4038 500 4075 ex
513 4017 657 4076 neutiffimi
670 4018 789 4075 Bentleii
836 4039 923 4094 eaque
934 4018 1043 4095 prorsus
1056 4019 1092 4076 etl
1104 4021 1271 4092 commoda3
1288 4025 1338 4078 ni·
1373 4087 1377 4094 Ι

300 4097 466 4178 conjeclura.
489 4099 594 4178 Vulgo,
608 4096 736 4176 quispiam
745 4097 790 4156 boc
837 4098 877 4155 hil
893 4100 1006 4156 incertis
1018 4099 1249 4168 hariolatinnibus
1261 4091 1339 4188 opus

301 4177 397 4237 malum
410 4179 481 4247 dicit,
493 4193 521 4237 et
534 4179 657 4237 malorum
672 4183 724 4236 &o
738 4199 789 4238 nec
836 4179 888 4239 esse
900 4179 1016 4261 constet.
