2817 4859
288 248 348 397 ζμ
497 310 1096 379 nuscunursturrrrotrurr

392 414 407 463 e

288 476 362 553 fine
378 472 540 571 flagranti
556 471 749 571 eupiditate
766 473 880 549 lacere
897 471 1101 571 potuissent.
1153 469 1310 559 Ultimae

289 591 396 649 tettae
411 573 567 645 lustralle
582 570 833 683 Pythagoram,
847 570 1108 655 Democritum,
1124 571 1312 647 Platonem

289 670 494 767 accepimus
509 700 518 742 ε
545 684 560 715 ¹¹
571 668 634 743 ubi
651 692 744 743 emm
763 672 848 767 quid
865 670 949 745 effer
964 672 1064 766 quod
1079 668 1167 743 disci
1184 670 1312 767 poffet,

289 794 333 841 eo
356 768 572 843 veniendum
596 768 854 863 judicaverunt.
907 770 1009 845 Num
1037 786 1202 865 putamur
1229 768 1312 843 haec

288 867 367 943 fieti
385 868 458 941 stne
476 868 612 941 summo
629 866 833 965 cupiditatis
848 869 970 943 ardore
986 866 1138 963 potuille
1157 868 1169 939 l

337 966 427 1041 XX.
455 964 567 1062 ipsam
584 965 846 1061 aegritudinem,
863 991 971 1063 quam
993 990 1057 1039 noa
1073 984 1114 1041 ut
1129 982 1258 1043 terrem
1276 981 1314 1039 et

288 1062 480 1139 imnunem
510 1064 651 1137 beluam
676 1078 692 1109 ¹
706 1062 913 1161 fugiendam
941 1061 1109 1152 diximus,
1135 1088 1209 1138 non
1234 1062 1313 1139 fine

287 1188 416 1259 magna
444 1160 594 1235 utilitate
623 1188 644 1235 a
674 1182 796 1237 natura
824 1162 949 1238 dicunt
982 1163 1234 1249 constitutamr
1271 1179 1314 1237 ut

286 1259 450 1334 homines
472 1252 772 1357 castigationibus,
794 1261 1134 1360 reprehensionibus,
1150 1260 1312 1359 ignomi-

285 1358 354 1435 niis
370 1358 466 1443 affici
492 1360 526 1432 se
551 1360 588 1431 in
613 1359 749 1435 delidto
774 1360 943 1436 dolerent.
995 1360 1189 1457 Impunitar
1210 1358 1312 1433 enim

285 1476 515 1555 peccatorum
532 1460 614 1531 data
630 1457 772 1532 videtur
788 1458 849 1551 eis,
866 1459 929 1556 qui
944 1457 1177 1557 ignominiam
1193 1475 1231 1531 et
1250 1460 1316 1531 in·'

285 1555 431 1631 famiam
463 1557 581 1629 ferunt
612 1556 684 1629 fine
714 1559 862 1631 dolore:
905 1557 1059 1631 morderi
1095 1558 1147 1631 est
1178 1557 1310 1631 melina

282 1654 510 1730 conscientia.
561 1655 619 1727 Ex
635 1678 709 1751 quo
728 1656 780 1727 est
805 1654 923 1729 ritlud
945 1682 965 1729 e
987 1657 1060 1731 vita
1085 1656 1239 1731 dudum
1261 1658 1309 1735 ab

284 1752 460 1826 Afranio:
488 1778 570 1825 nam
584 1778 668 1826 cum
685 1752 871 1827 diffolutus
888 1753 997 1841 filius,

325 1904 402 1967 Heu
415 1925 468 1967 me
482 1902 628 1967 milenum
643 1904 974 2003 l--tumseoerue
981 1914 1071 2053 peter
1102 1986 1109 2001 .

324 1988 639 2053 ——Dummodo
652 1987 759 2053 doleat
772 1987 900 2077 ahquid,
914 2004 929 2032 ⁸
938 1988 981 2053 do
993 2002 1045 2053 eat
1058 1984 1238 2075 qurdlubet.

281 2118 453 2219 Reliquae
474 2144 617 2217 quoque
642 2134 757 2217 partes
782 2117 1003 2218 aegritudinis
1028 2116 1133 2191 utiles
1158 2117 1230 2191 else
1248 2116 1307 2191 di-

221 2252 227 2267 ’
282 2217 395 2306 cunt;
424 2216 698 2291 misericordiam
722 2218 767 2291 ad
792 2243 897 2319 opem
917 2217 1109 2308 ferendam,
1132 2233 1170 2289 et
1185 2218 1306 2289 ’cala-

320 2462 336 2544 ᾗ
359 2450 410 2511 Ubt'
420 2449 486 2511 enim
499 2452 590 2529 quide
608 2451 645 2524 et]
663 2452 767 2528 Vulgo,
815 2450 969 2545 Lambinus
981 2446 1160 2543 “dldllelffl
1168 2448 1238 2525 see'te
1250 2447 1307 2509 dte·

280 2532 767 2687 tttutd‘trratrtt:
814 2528 1306 2680 estur

280 2692 445 2767 graphicum
479 2691 626 2758 rideretur,
651 2692 701 2748 nili
732 2692 767 2750 fic
815 2691 892 2750 libris
917 2692 970 2749 etit
992 2690 1069 2761 sacti,
1091 2688 1163 2749 nibil
1186 2691 1304 2749 interni·

279 2770 401 2829 edidiffet
417 2771 501 2827 etiam
517 2771 668 2829 Vidloriue.
703 2771 766 2829 Noe
815 2773 883 2831 nati.
1175 2801 1176 2807 ¹

278 2851 368 2928 igitur
380 2852 450 2909 Bali.
462 2851 601 2927 editosque
613 2859 716 2909 veteres
727 2850 766 2909 se·
854 2860 867 2889 ¹
887 2852 981 2911 Dabat
992 2848 1151 2929 quidlubet]
1172 2850 1220 2911 Sic
1230 2852 1304 2931 Reg.

278 2932 405 3008 quimut.
423 2933 505 2989 Certe
512 2931 684 3010 quiequidhio
691 2932 765 2989 idem
812 2940 841 2989 et
854 2933 992 2991 Pithoean.
1014 2932 1118 3009 Vulgo,
1129 2930 1198 3009 quod
1208 2930 1292 2991 luber.

278 3011 354 3088 quod
367 3010 477 3091 quidque
490 3014 620 3071 denotare
638 3032 695 3069 non
714 3032 765 3089 po·
853 3020 865 3049 ²
887 3012 1056 3071 calamitates
1068 3012 1194 3069 haiam
1208 3011 1304 3090 indig-

277 3091 337 3156 test,
346 3102 378 3147 ut
387 3092 464 3168 apud
474 3092 645 3159 Lucretium,
655 3094 685 3149 ii.
694 3093 764 3169 956.
814 3092 929 3166 norum]
951 3093 1075 3153 Minime
1085 3092 1261 3162 meritorum,
1271 3104 1304 3151 ut

278 3190 306 3229 u.
325 3170 514 3247 1387.1453.
544 3174 608 3229 Nec
620 3173 765 3249 quiequam,
813 3174 882 3231 talia
894 3182 1061 3249 paterentur.
1080 3170 1213 3231 Erasmue
1226 3174 1303 3231 enirn

277 3261 362 3328 prout
374 3252 501 3318 arbitror,
513 3251 594 3307 ullibi
611 3251 763 3327 fignificate
813 3253 885 3312 male
901 3254 978 3311 dedit
991 3252 1145 3329 r'ndrfgmen
1177 3252 1304 3323 Pleume,

276 3332 343 3389 licet
362 3332 417 3388 alia
437 3350 515 3388 mens
529 3333 563 3388 fit
575 3330 631 3388 Ob.
645 3332 765 3401 Gisanii,
813 3334 898 3391 Cute.
917 3332 983 3393 A&
997 3334 1050 3391 IV.
1063 3334 1106 3391 Sc.
1121 3332 1152 3390 ii.
1168 3348 1217 3407 23.
1256 3334 1305 3392 ln·

275 3410 391 3472 observ.
406 3413 435 3468 in
450 3412 484 3469 L.
500 3412 533 3468 L.
548 3430 614 3488 pag.
628 3424 697 3489 205.
779 3477 781 3483 ¹
812 3414 905 3489 dignit
908 3412 1304 3490 ſsmtedciturmatedttun

316 3490 712 3585 ‘'liegiendanrdt'eieruls-qur'
722 3493 763 3568 ig·
812 3492 972 3572 ideffedt'co.
1000 3492 1135 3561 Ovidius,
1147 3492 1273 3553 Metam.
1285 3496 1303 3553 i.

273 3570 764 3730 mdlx-{dllodmz
812 3574 1018 3731 63:Indigno
1036 3650 1177 3713 mcumdat
1192 3654 1302 3713 «inan

273 3733 382 3790 Contra
403 3732 487 3793 MSS.
508 3732 645 3809 ipliusque
663 3734 762 3791 Viato-
908 3734 978 3793 collo.

274 3812 311 3869 tii
336 3811 429 3871 fidem.
470 3814 542 3871 Haec
563 3832 629 3870 curn
651 3814 762 3870 minuta
808 3810 984 3887 Etiv.138.

273 3892 336 3959 tint,
349 3895 424 3969 quali
436 3890 616 3971 perlator-un
634 3893 762 3970 congesta
849 3895 966 3953 Pereutr't
983 3895 1114 3973 indiguos
1130 3894 1204 3955 claro
1220 3897 1303 3975 ploret

273 3971 427 4045 posuimus.
904 3994 967 4051 gere
983 3976 1096 4035 lacerus.

312 4050 454 4109 yIllnd'e
472 4053 532 4111 vita
553 4053 685 4127 anetum]
714 4055 759 4112 Sic
808 4054 854 4112 sic
875 4074 942 4111 cum
962 4056 1040 4123 alibi,
1059 4067 1121 4115 tum
1143 4056 1206 4115 xiii.
1233 4076 1304 4131 ι4ῐ.,

272 4146 370 4189 omnee
402 4132 485 4193 MSS.
518 4135 620 4211 quibua
652 4134 760 4207 inritis,
807 4134 961 4200 nanta.
976 4137 1215 4199 ementati.
1230 4140 1299 4215 708.

1270 4225 1298 4273 et
