2817 4859
408 341 566 407 arnan
589 342 835 409 rrnrrus.
1040 316 1133 429 '235

99 502 132 577 fi
156 501 359 615 ignominia
382 505 549 603 pupugit,
578 505 605 577 fi
631 504 721 602 quid
748 504 973 581 tenebrarum
994 505 1132 585 'offudit

99 602 271 693 exilum,
286 622 350 677 aut
373 629 497 682 eorum
516 626 598 701 quae
622 606 734 677 modo
756 603 831 677 dixi
856 604 883 675 fi
909 603 997 700 quid
1021 608 1129 681 exsti-

100 700 174 787 tit;
199 715 216 763 ³·
229 722 266 777 et
291 704 319 775 fi
344 702 561 801 lingularum
586 727 704 778 rerum
729 702 808 776 lunt
824 704 977 799 propriae
1003 706 1130 781 conso-

99 800 284 875 lationes:
310 804 358 877 de
378 801 509 900 quibua
528 800 649 877 audies
673 819 714 876 tu
738 800 897 897 quidem,
920 826 1003 875 cum
1019 807 1128 885 voles.

100 900 176 973 Sed
194 903 240 975 ad
257 904 411 978 eundem
432 902 569 975 fontem
593 901 843 975 revertendum
867 900 929 989 est,
946 902 1129 999 aegritudi-

99 1022 189 1073 nem
214 1024 361 1075 ornnem
385 1001 512 1097 procul
529 1000 645 1079 abeffe
660 1024 683 1073 a
697 999 874 1096 sapiente;
901 1002 999 1097 quod
1017 998 1130 1077 inania

98 1097 170 1191 fite
199 1100 301 1195 quod
318 1098 444 1171 frustra
463 1096 693 1195 suscipiatur3
722 1099 820 1195 quod
838 1122 909 1172 non
926 1118 1049 1174 natura
1065 1124 1130 1173 ex·

97 1194 250 1283 oriatur,
267 1198 328 1271 sed
339 1197 492 1294 judicio,
510 1198 571 1271 sed
587 1194 769 1295 opinione,
787 1197 846 1271 sed
863 1200 1016 1293 quadam
1031 1198 1128 1272 invi·

99 1297 238 1369 tatione
263 1299 309 1371 nd
330 1297 540 1378 dolendum,
555 1319 640 1369 curn
656 1296 695 1367 id
710 1296 968 1373 decreverimus
984 1295 1032 1373 ita
1048 1296 1127 1375 fieri

98 1414 279 1492 oportere.
330 1396 415 1469 Hoc
439 1394 615 1482 (loretto,
632 1395 731 1493 quod
757 1411 874 1469 totum
896 1397 947 1469 est
965 1397 1128 1472 volunta·

97 1491 219 1581 rium3
247 1493 425 1591 agritudo
440 1494 506 1569 erit
529 1494 664 1567 sublata
679 1493 741 1567 illa
758 1518 910 1569 moerens
927 1522 937 1567 t
964 1496 1126 1571 ²morsus

98 1608 222 1667 tamen
260 1613 296 1667 et
328 1591 645 1667 contrafflunculae
677 1594 843 1689 quaedam
877 1592 983 1669 animi
1018 1594 1126 1670 relin-
1252 1589 1255 1601 ⁴

98 1708 283 1788 quenturr
310 1691 402 1789 hanc
418 1690 541 1765 dicant
563 1691 643 1763 sane
666 1692 884 1765 naturalem:
911 1694 998 1765 dum
1022 1694 1125 1789 aegri-

96 1788 237 1865 tudinis
274 1813 407 1866 nomeu
448 1790 551 1879 abfit,
584 1813 702 1886 grave,
735 1806 880 1878 tetrum,
918 1790 1123 1875 funestum
1221 1840 1222 1843 =

96 1891 201 1984 quod
225 1914 313 1963 cunr
330 1887 496 1987 sapientia
511 1889 594 1978 effe,
609 1905 729 1985 atque,
750 1906 789 1961 ut
808 1887 856 1961 ita
872 1887 1003 1979 dicam,
1021 1888 1124 1965 habi·

96 2007 170 2063 tare
205 1988 311 2061 nullo
335 1990 446 2063 modo
477 1987 596 2085 poffit.
655 1988 737 2061 “At
770 1981 854 2085 quae
890 1987 1012 2085 stirpes
1042 1988 1124 2063 sunt

95 2084 350 2184 aegritudlnir?
375 2112 485 2183 quam
500 2086 636 2176 multae,
653 2110 762 2182 quarn
777 2090 928 2163 arnarae!
956 2112 1049 2184 quae,
1067 2086 1123 2186 ip·

95 2184 134 2257 so
159 2203 294 2259 trunco
317 2186 450 2275 everso,
466 2184 618 2258 bomnes
641 2184 814 2283 eligendae
840 2185 932 2275 suut,
950 2205 998 2270 et,
1015 2186 1043 2259 fi
1060 2210 1122 2260 ne·

93 2285 192 2357 celse
222 2284 301 2370 erit,
325 2282 472 2383 fingulis
502 2281 821 2381 disputationibusz
848 2283 1001 2379 superest
1025 2283 1121 2359 enirn

130 2558 150 2599 Y
171 2550 211 2608 Et
222 2550 241 2607 fi
243 2548 424 2630 singularum]
443 2550 585 2607 Turbatus
633 2546 711 2625 sequi
733 2548 839 2625 nequit,
864 2550 935 2607 lranc
952 2546 1040 2607 diem
1053 2549 1121 2627 ι[ιιιιι

90 2630 129 2688 erl
143 2632 331 2707 locns,quem
352 2630 488 2688 restituere
502 2630 585 2689 multi
632 2630 798 2688 naturalem.
840 2628 941 2690 Forsan
962 2629 1121 2705 legendum'.

79 2711 158 2769 lunt
171 2711 279 2769 eonati.
317 2712 407 2768 Hadr.
426 2712 584 2779 Turnebus,
633 2711 682 2767 hae
701 2709 790 2768 duent
802 2708 869 2787 sanc
889 2710 1046 2769 naturales:
1069 2712 1119 2769 nifi

89 2790 210 2849 Advers.
230 2791 288 2849 xix.
308 2804 338 2869 5.
358 2812 391 2849 ac
409 2792 507 2867 Joach.
528 2791 584 2850 Ca·
630 2808 695 2847 cunr
710 2790 896 2849 01.Benuei0
918 2790 1008 2858 malis,
1029 2790 1119 2869 morsus

91 2872 231 2929 merarius
243 2882 382 2949 reponunt
400 2868 476 2929 'etiam
485 2872 582 2951 fingar·
630 2882 741 2927 tantum
754 2883 780 2927 et
791 2868 1029 2927 contrauiuncula
1045 2891 1117 2950 qua-

89 2953 190 3012 lorum.
214 2952 424 3011 Violentiorest
441 2952 481 3010 D.
494 2952 581 3009 Lam·
629 2948 782 3008 damanimr'
796 2950 975 3027 relinquetur.

88 3031 152 3090 bini
189 3033 337 3100 medicina,
359 3052 410 3109 pro
438 3052 494 3107 qua
519 3033 582 3090 duae
668 3038 681 3065 ⁸
702 3033 743 3089 At
756 3050 819 3109 quae
827 3028 934 3109 stirpes]
958 3028 1060 3106 Vulgo,
1073 3044 1117 3089 at·

87 3112 318 3191 prioreavocnlae
339 3112 488 3171 resecanda
508 3112 581 3170 sunt.
628 3110 681 3187 qui.
723 3110 774 3169 Sed
791 3110 861 3185 Reg.
876 3120 904 3169 et
919 3110 1056 3169 Pithoean.
1072 3125 1115 3169 ar·

87 3192 255 3260 Manutius,
268 3192 374 3249 servata
385 3192 503 3249 lettione
520 3193 580 3250 vul·
628 3211 683 3269 que.
713 3190 791 3249 Hinc
804 3188 959 3259 letllonem,
972 3210 1056 3266 quam
1073 3212 1115 3251 re·

87 3285 166 3351 gata,
180 3269 373 3332 ἀνακόλουθον
385 3272 517 3349 agnoscit.
542 3272 582 3330 E·
628 3271 697 3346 cepi,
725 3270 771 3330 Cl.
792 3272 932 3329 Bentleius
960 3282 1116 3349 opportune

88 3354 208 3431 quidem
231 3351 430 3410 rescribendum
445 3352 546 3417 causeo,
559 3352 583 3410 ei
628 3350 782 3410 fabricavit.

77 3433 252 3511 fingularum
278 3452 362 3491 rerum
385 3431 452 3508 sunt
472 3432 583 3511 propriae
667 3428 681 3466 ¹³
705 3428 1022 3507 Omncseligendaeſsmt]
1049 3430 1114 3489 Ele·

85 3514 274 3593 consolationes.
307 3512 454 3571 Lenlllima
467 3512 581 3588 quidem
628 3530 696 3586 gana
710 3510 747 3568 est
761 3514 819 3569 haec
839 3510 929 3567 uuio.
960 3511 1052 3567 Plures
1067 3534 1114 3570 ve·

84 3597 122 3653 est
137 3598 202 3653 haec
216 3592 333 3651 curandi
347 3594 426 3653 ratio.
461 3592 492 3651 Si
504 3592 580 3651 enim
628 3608 659 3647 ro
672 3592 777 3664 codices
797 3592 897 3648 habent
917 3612 997 3648 omnes
1010 3591 1114 3649 eliden-

84 3674 484 3815 runnuuu
627 3669 1034 3828 urrunnun
1050 3669 1113 3809 u

123 3845 138 3873 ²
160 3832 268 3913 Morfio
280 3844 375 3891 tamen
391 3847 416 3891 et
429 3830 577 3892 contraffi·
626 3831 795 3887 monendum
816 3833 893 3899 duxi,
914 3832 1042 3908 quamvis
1064 3850 1114 3907 po·

83 3917 201 3975 nucula
234 3912 354 3994 quadam
385 3914 464 3973 aratri
496 3914 578 3971 relin·
627 3910 682 3969 tior
695 3912 820 3970 videatur
833 3912 917 3970 altera
932 3913 1011 3968 ratio.
1040 3910 1112 3969 Vide

83 3994 230 4073 queratur]
252 3996 297 4054 sie
310 3994 428 4064 codices,
439 4013 487 4051 nec
500 3992 580 4053 aliter
625 4000 720 4049 tamen
735 3992 901 4063 Varronem,
920 3992 954 4050 R.
969 3992 1006 4051 R.
1027 3990 1075 4052 lib.
1090 3992 1111 4053 i.

84 4079 205 4136 Nonius
230 4076 259 4133 in
282 4073 416 4134 contrabi.-
446 4074 489 4131 sed
516 4085 578 4133 tum
625 4091 687 4154 cap.
699 4086 747 4151 47.

81 4160 207 4217 demum
221 4154 327 4240 'absque
344 4154 489 4217 soloecisrni
509 4154 579 4215 vitio
