2817 4859
290 399 350 460 'tor
498 389 688 452 TUSCUL.
715 379 1108 450 DISPUTATIONUM

297 555 416 632 Gr‘aeci
436 567 560 654 putant
577 586 586 641 ;
605 556 662 628 vel
679 571 757 628 tum
773 554 891 652 potius
907 553 1080 651 putabant
1097 579 1106 625 t
1128 547 1242 648 isque,¹
1256 535 1328 648 q'ul

189 659 200 677 ⁸
296 643 366 730 lroc
400 655 568 752 Diagorae
607 652 713 742 dixit,
745 673 980 751 permagnum
1017 648 1219 722 existimans
1252 665 1328 720 tres

297 753 567 852 Olympionicas
592 779 697 825 unae
724 753 832 824 domo
855 749 1009 863 prodire,
1031 746 1191 822 cunctari
1218 745 1328 819 illum

298 853 431 927 diutius
459 853 495 924 in
524 851 598 924 vita
624 849 778 924 fortunae
810 851 994 946 objedlum
1023 847 1147 919 inutile
1199 845 1329 918 utabat

268 953 274 968 ’
297 951 375 1048 ipfi.
427 949 507 1048 Ego
524 968 654 1034 autem,
672 947 738 1020 tibi
757 947 902 1046 quidem
920 947 1019 1044 quod
1035 944 1114 1017 satis
1131 971 1150 1017 e
1181 963 1218 1016 et
1232 969 1327 1042 pau-

298 1049 349 1122 cis
370 1050 498 1135 verbis,
524 1065 562 1120 ut
590 1045 677 1122 mihi
704 1046 862 1130 videbar,
881 1045 1148 1142 responderamt
1175 1042 1329 1114 conces-

299 1147 387 1220 seras
404 1145 498 1219 enim
518 1147 616 1218 nullo
634 1144 669 1216 in
689 1149 783 1218 malo
800 1163 957 1216 mortuos
976 1145 1056 1216 else.
1097 1141 1167 1213 Sed
1184 1143 1330 1214 obeam

299 1245 439 1319 causam
455 1245 635 1329 contendi,
654 1262 693 1316 ut
717 1246 819 1342 plura
843 1243 1019 1328 dicerem3
1047 1241 1145 1338 quod
1172 1239 1209 1311 in
1231 1241 1328 1312 defi·

268 1385 271 1392 «
299 1342 398 1418 derio
421 1360 456 1416 et
481 1345 582 1416 luttu
608 1343 684 1414 haec
709 1345 760 1414 est
789 1339 983 1415 consolatio
1010 1339 1175 1412 maxima.
1225 1337 1329 1410 Nos-

298 1459 393 1514 trum
410 1442 506 1514 enim
523 1459 558 1513 et
576 1441 692 1513 nostra
716 1440 818 1513 causa
837 1439 1035 1536 susceptum
1058 1438 1216 1510 dolorem
1241 1462 1328 1510 mo-

299 1539 379 1614 dice
406 1543 494 1614 ferre
520 1543 701 1638 debemus,
717 1553 733 1584 ¹¹
749 1560 792 1612 ne
818 1537 1045 1636 nosmetipsos
1069 1560 1183 1608 amare
1200 1533 1328 1609 videa-

299 1665 402 1712 mur:
439 1640 498 1712 illa
526 1637 675 1738 suspicio
705 1636 917 1710 intolerabili
948 1639 1069 1710 dolore
1097 1633 1258 1720 cruciat3
1298 1635 1328 1706 sr

299 1737 486 1835 opinamur
502 1763 573 1822 eos,
592 1735 722 1833 quibus
739 1735 851 1810 orbati
871 1735 1000 1820 sumus,
1019 1734 1087 1806 elle
1101 1759 1184 1806 cum
1201 1731 1329 1830 aliquo

301 1837 399 1910 sensu
427 1837 462 1908 in
486 1836 539 1908 his
557 1834 655 1908 malis
682 1834 813 1930 quibus
833 1834 944 1932 vulgo
964 1833 1166 1945 opinantur.
1214 1833 1328 1906 Hanc

300 1953 464 2006 excutere
490 1934 695 2030 opinionem
718 1932 881 2008 mihimet
896 1934 996 2006 volut
1013 1929 1192 2019 radicitus,
1209 1955 1328 2028 eoque

300 2031 350 2104 sui
370 2032 508 2104 sottaffe
526 2031 677 2128 longior.
979 2096 984 2104 .
1254 2054 1259 2064 ’

349 2129 503 2202 XLVII.
531 2131 576 2202 A.
591 2131 651 2202 Tu
668 2128 836 2226 longior?
864 2155 934 2202 non
951 2129 1039 2202 milri
1053 2129 1210 2225 quidem.
1247 2127 1327 2200 Pri·

286 2253 338 2300 ·or
352 2231 447 2301 enim
464 2253 542 2325 pars
559 2227 725 2300 orationis
749 2245 821 2299 tuae
847 2228 1010 2318 faciebat,
1034 2247 1075 2300 ut
1097 2228 1187 2300 mori
1211 2250 1326 2324 cupe-
1390 2253 1395 2265 ·

300 2350 397 2400 rem:
425 2328 606 2425 posterior,
624 2345 663 2399 ut
680 2327 790 2398 modo
804 2351 873 2398 non
893 2330 1039 2411 nollem,
1056 2328 1166 2401 modo
1181 2349 1257 2398 non
1276 2326 1327 2396 la·

300 2429 484 2499 borarem:
518 2427 615 2498 omni
641 2445 760 2498 autem
784 2425 942 2498 oratione
966 2427 1054 2498 illud
1072 2443 1167 2498 certe
1184 2423 1326 2520 perfec·

300 2544 378 2596 tum
402 2525 464 2612 est,
491 2543 532 2595 ut
560 2543 712 2596 mortem
738 2547 809 2595 non
839 2527 1007 2598 ducerem
1035 2523 1072 2596 in
1099 2521 1211 2596 malis.
1266 2521 1326 2594 M.

300 2623 402 2694 Num
419 2621 529 2717 igitur
548 2620 654 2693 etiam
680 2621 860 2694 rhetorum
877 2623 1058 2720 epilogum
1074 2621 1327 2709 desideramus,

298 2745 343 2790 an
361 2719 453 2790 hanc
466 2721 537 2816 jam
556 2739 665 2792 artem
683 2721 787 2816 plane
805 2721 1063 2818 relinquimus?
1099 2723 1146 2793 A.
1163 2720 1225 2792 Tu
1236 2745 1326 2792 vero

300 2815 400 2890 istam
424 2843 467 2889 ne
491 2816 685 2914 reliqueris,
704 2843 813 2913 quam
837 2819 973 2917 semper
998 2819 1153 2891 ornasti:
1179 2834 1216 2890 et
1240 2818 1326 2918 qui·

298 2919 379 2988 dem
393 2917 471 3011 jure
489 2945 497 2989 :
517 2915 576 2988 illa
592 2915 688 2988 enim
705 2935 752 3001 te,
769 2917 933 3006 verumsr
950 2918 1048 3014 loqui
1066 2918 1247 3007 volumus,
1268 2943 1327 2990 or-

297 3031 450 3086 naverat.
503 3015 571 3085 Sed
588 3013 735 3111 quinam
752 3017 803 3086 est
820 3015 883 3088 iste
899 3015 1087 3114 epilogus?
1114 3040 1201 3090 aveo
1227 3015 1327 3088 enim

297 3113 430 3196 audire,
458 3111 631 3281 puicquid
665 3115 727 3186 est.
779 3113 837 3187 M.
873 3115 1034 3187 Deorum
1067 3112 1327 3188 immortalium

293 3209 429 3306 judicia
477 3212 573 3282 olent
600 3211 636 3284 in
664 3211 793 3284 scholis
846 3213 976 3286 referre
1006 3215 1051 3284 de
1082 3230 1220 3286 morte:
1261 3237 1326 3286 nec
1402 3254 1403 3299 1

296 3333 382 3382 vero
399 3333 439 3380 ea
455 3308 589 3408 fingere
607 3307 668 3407 ipfi
686 3340 695 3382 z
722 3310 782 3383 sed
844 3313 991 3384 erodoto
1013 3311 1158 3384 audlore
1175 3308 1326 3410 aliisque

336 3563 350 3590 ¹¹
371 3553 786 3634 Nenosn1etips0samarc]vul·
834 3569 938 3618 λαυτον
949 3557 1088 3617 ἐκκόπτειν
1103 3555 1218 3616 ἑαυτῶν.
1248 3559 1327 3618 Idem
1401 3524 1402 3619 l

295 3654 343 3712 go,
356 3653 387 3693 ne
399 3643 427 3692 et
439 3635 594 3714 nosmetipfiis.
615 3639 785 3696 Particulum
833 3639 916 3696 Cons.
943 3641 978 3697 ad
1002 3639 1098 3715 Apoll.
1115 3657 1183 3735 pag.
1201 3655 1273 3696 111.
1293 3638 1327 3697 E.

296 3732 360 3772 vero
378 3714 457 3772 illam
478 3716 549 3773 redle
568 3719 786 3794 praetermittunt
834 3719 868 3775 El
881 3713 976 3800 μὲνᾶν
990 3717 1080 3776 αὐτῶν
1099 3722 1193 3792 (crena
1206 3717 1328 3777 πενθέσι
1400 3764 1401 3781 2

294 3795 368 3872 Reg.
383 3794 484 3853 Ellens.
499 3815 541 3872 pr.
556 3805 618 3854 tert.
632 3799 742 3858 Balliol.
757 3809 785 3856 et
832 3797 882 3864 atie
907 3794 1296 3878 dredardrrael-piltauroc
1312 3793 1329 3872 ‘l

296 3875 368 3932 Bali.
393 3878 434 3934 At
448 3875 550 3956 Ellens.
564 3875 614 3934 sec.
628 3878 711 3936 habet
730 3879 785 3955 nos·
833 3877 881 3952 τῆς
897 3877 984 3954 λύπης
997 3877 1142 3957 πρόφασις.
1179 3879 1282 3936 Cicero
1295 3880 1329 3935 de

295 3953 510 4033 meipsorsotos
530 3975 625 4014 amare.
665 3959 716 4015 Sed
736 3959 785 4016 ad·
834 3959 930 4018 Amic.
945 3979 971 4018 c.
982 3960 1023 4018 iii.
1057 3949 1119 4015 Suis
1132 3958 1329 4017 antemium·
1399 3990 1400 4029 3

296 4033 450 4092 eramento
463 4037 513 4092 tan
529 4037 599 4094 utin
615 4057 694 4113 opus.
720 4038 786 4095 nu-
834 4038 910 4096 moras
924 4039 1131 4116 graviterangt,
1145 4038 1329 4105 mamm.
1399 4034 1400 4041 '

296 4113 418 4180 lembus,
431 4125 500 4172 tom.
514 4115 544 4174 ii.
559 4135 623 4194 pag.
634 4117 682 4195 65.
693 4117 728 4175 E.
741 4118 784 4177 ed.
824 4115 875 4196 scd
887 4118 1003 4195 seipsum
1023 4119 1144 4177 amantis
1163 4118 1210 4176 est.
1253 4117 1329 4179 vict·

296 4191 358 4254 Par.
396 4195 660 4276 Παρακελευόμεθα
684 4194 717 4258 τὸ
742 4194 785 4277 φὶ·
829 4199 867 4256 -lia
880 4200 998 4273 eundem
1013 4199 1152 4273 inBrttto‚
1166 4219 1193 4260 e.
1203 4199 1223 4260 i.
