2817 4859
390 389 847 480 ‚erratuurnrua
927 452 929 462 .
1107 415 1165 482 aa

132 552 304 656 cujusque
320 556 429 632 animi
450 557 603 632 affectus
620 559 721 645 esset,
739 561 846 634 talem
864 559 934 634 esse
952 559 1162 639 homineme

130 657 244 752 qualis
261 675 381 730 autem
405 656 478 755 ipse
505 659 617 731 bomo
641 659 740 748 esset,
757 660 866 732 talem
891 658 965 752 ejus
988 661 1059 734 effe
1081 679 1162 738 ora·

130 754 293 830 tionem:
320 755 472 830 orationi
494 775 614 830 autem
632 756 726 833 fasta
742 756 882 849 fimilia,
900 759 1005 832 fanis
1021 759 1134 834 vitam
1150 787 1161 838 t

131 853 287 928 affedlus
319 873 438 928 autem
464 857 573 930 animi
603 858 640 929 in
669 859 770 930 bono·
795 858 874 930 viro
900 858 1100 951 laudabilis,
1126 878 1163 936 et

127 953 204 1026 vita
228 953 339 1052 igitur
360 953 550 1029 laudabilis
573 955 660 1029 boni
684 956 778 1029 viri:
805 955 862 1028 set
886 957 1033 1030 honesta
1060 984 1159 1057 ergo,

129 1052 303 1149 quoniam
329 1053 540 1128 laudabilis:
575 1053 784 1154 exquibus
812 1057 991 1129 bonorum
1020 1057 1162 1134 beatam

128 1151 243 1226 vitam
259 1155 329 1226 esse
354 1152 594 1229 concluditur.
646 1154 695 1227 Et
715 1154 825 1244 enim,
845 1180 911 1253 pro
932 1157 1080 1229 deorum
1105 1173 1160 1232 at·

130 1273 202 1347 que
228 1251 419 1325 hominum
444 1252 583 1326 fidem!
610 1277 783 1350 parumne
809 1252 997 1352 cognitum
1022 1255 1073 1328 est
1102 1256 1162 1330 su·

129 1351 330 1447 petionibus
355 1350 481 1424 nostris
508 1349 819 1450 disputationibus,
841 1379 886 1427 an
911 1354 1161 1428 deledlationis

131 1465 166 1520 et
193 1448 258 1522 otii
285 1449 516 1524 consumendi
543 1450 647 1523 causa
670 1451 782 1524 locuti
808 1451 940 1539 sumus,
958 1455 1162 1552 Sapientem

128 1547 175 1620 ab
192 1548 293 1621 omni
317 1549 559 1622 concitatione
581 1548 704 1639 animi,
723 1575 830 1648 quam
854 1551 1161 1649 perturbationem

127 1671 235 1735 voco,
265 1649 403 1746 semper
426 1649 580 1721 vacare?
607 1648 745 1747 semper
772 1647 809 1722 in
840 1649 961 1723 animo
987 1652 1061 1747 ejus
1089 1653 1160 1726 esse

128 1745 404 1844 placidissimam
420 1749 574 1846 pacem?
617 1747 684 1820 Vir
699 1747 811 1846 igitur
826 1767 1053 1846 temperatus,
1071 1775 1161 1824 con-

129 1845 236 1937 stans,
261 1845 336 1938 stne
364 1865 476 1937 metu,
505 1847 580 1920 fine
606 1845 831 1946 aegritudine,
853 1847 956 1921 &fine
980 1839 1161 1924 alacritate

129 1945 217 2034 ulla,
243 1947 313 2019 line
346 1943 510 2034 libidine,
537 1972 657 2020 nonne
684 1947 836 2022 beatus?
872 1964 908 2020 at
938 1947 1075 2045 semper
1108 1950 1161 2022 sa-

128 2042 232 2141 piens
258 2045 357 2119 talis:
389 2044 527 2144 semper
552 2046 662 2142 igitur
691 2046 826 2118 beatus.
877 2045 958 2119 Jam
984 2072 1069 2120 vero
1096 2047 1161 2144 qui

129 2143 249 2242 potest
266 2141 321 2216 vir
338 2144 454 2218 bonus
469 2169 543 2216 non
559 2146 605 2217 ad
622 2143 673 2233 id,
690 2146 789 2243 quod
815 2144 992 2220 laudabile
1009 2145 1067 2236 stt,
1082 2171 1162 2220 om-

130 2241 191 2314 nia
211 2241 339 2316 referre
367 2267 450 2342 quae
477 2241 551 2340 agit
574 2268 728 2344 quaeque
753 2243 888 2318 sentit?
916 2243 1022 2317 resert
1042 2262 1163 2320 autem

130 2341 251 2416 omnia
269 2342 316 2416 ad
339 2342 441 2416 beate
457 2341 677 2416 vivendum:
705 2345 807 2416 beata
824 2341 935 2441 igitur
949 2343 1023 2416 vita
1038 2343 1162 2418 lauda-

128 2613 265 2692 ταμιεῖον,
274 2607 377 2706 ἀγαθὴ
387 2610 439 2692 μὲν
452 2607 561 2689 aynau,
570 2631 623 2670 aa·
671 2612 711 2670 vi.
726 2629 789 2690 cap.
800 2629 830 2685 3.
844 2619 872 2669 et
885 2610 1163 2690 Joaawowerium,

128 2690 164 2767 aui
186 2691 215 2750 δὲ
235 2713 320 2752 naxo.
355 2695 486 2752 clemens
498 2693 624 2751 Alexan·
672 2693 780 2810 Polpm.
796 2713 820 2751 c.
832 2693 892 2752 xix.
906 2712 936 2770 p.
949 2711 1016 2766 224.

126 2775 239 2842 driuue,
254 2775 339 2832 Prote.
355 2795 385 2852 p.
400 2792 420 2851 9
422 2786 451 2852 5.
470 2775 515 2831 ed.
528 2773 623 2831 Oxon.
736 2771 773 2830 Et
785 2771 882 2848 hmsta
895 2793 964 2850 erga,
974 2774 1092 2852 quoniam
1102 2776 1164 2834 lau·

128 2849 192 2932 Olaq
209 2853 261 2934 pb
281 2855 311 2912 al
332 2851 435 2928 βελαὶ,
452 2856 519 2911 τοῖσι
540 2850 584 2932 aui
602 2854 623 2912 ol
671 2851 788 2910 dabilis:
817 2851 976 2930 exquibus]
1007 2853 1114 2932 Vulgo,
1137 2869 1163 2912 et

130 2935 222 3011 λόγον
245 2933 325 2993 drabe
337 2932 365 2991 δὲ
378 2934 403 2992 ai
416 2931 508 3011 λάγοι,
522 2930 623 2992 ceadda
671 2931 781 3009 honesta.
814 2934 896 3010 Erga,
909 2932 1027 3012 quoniam
1041 2933 1164 2992 laudabi-

128 3009 333 3095 rd'alcpaiiae·
354 3009 525 3096 ιςότοῖατᾰ
541 3009 624 3092 ἔργα,
671 3007 715 3081 su,
736 3032 768 3070 ae
786 3012 950 3091 quibusda.
988 3013 1023 3070 Se
1043 3015 1163 3072 Vidlorii

127 3092 277 3162 ruodrud
294 3089 366 3170 βίος.
398 3093 528 3152 Omnino
548 3094 624 3152 salli·
658 3092 877 3175 'dillindlionem
901 3092 1026 3152 secutum
1049 3094 1165 3154 testatur

127 3183 178 3234 tur
196 3176 235 3235 V.
255 3176 293 3234 C.
311 3175 394 3252 Joan.
414 3176 550 3244 Poturae,
572 3176 623 3250 qui
672 3174 848 3240 Gebhardus,
860 3183 889 3232 et
908 3174 949 3232 ita
969 3173 1099 3250 praeclare
1111 3175 1162 3233 fibi

128 3275 233 3333 parurn
245 3254 320 3313 felici
334 3266 438 3314 conatu
445 3254 536 3312 versus
545 3255 623 3312 Iam·
672 3253 721 3312 suo
736 3257 851 3312 munere
863 3253 978 3313 sanstus
991 3255 1109 3323 videtur,
1127 3255 1164 3313 li-

128 3337 218 3406 biooe,
231 3334 331 3412 eosque
351 3335 426 3394 male
444 3345 536 3404 natos,
555 3334 623 3393 hine
671 3345 716 3392 oet
736 3337 788 3394 hae
808 3335 915 3394 ratione
933 3334 1023 3394 sensus
1046 3335 1164 3394 omnino

129 3417 253 3475 extudit.
270 3415 624 3482 ssulnslilianua,1nst.0·
671 3415 768 3474 nullus
795 3416 828 3472 srt
854 3415 956 3474 sadlua.
986 3417 1049 3474 Noe
1075 3415 1165 3493 igitur

129 3507 184 3555 nt.
200 3497 250 3555 lib.
263 3497 304 3556 xi.
316 3517 379 3574 cap.
396 3515 423 3556 1.
444 3495 624 3572 Prvffmeaiu
671 3495 926 3574 interpundlionem
935 3497 1111 3554 commodam
1121 3515 1164 3574 τεῇ
1218 3559 1226 3574 ,

128 3597 211 3635 mes
232 3575 384 3656 plerunque·
399 3577 482 3636 acatia
500 3591 525 3635 a
544 3577 625 3635 aazias
671 3579 844 3645 vocavimus,
888 3595 1007 3654 eamque
1051 3575 1166 3656 prastal

120 3657 223 3737 statera
248 3657 362 3749 detegi&
398 3677 443 3716 nea
459 3659 518 3736 stne
547 3656 624 3736 causa
671 3657 751 3716 Med.

131 3739 222 3796 Graeei
235 3735 412 3816 pradrdm,
424 3748 459 3796 ut
470 3738 556 3805 vivat,
570 3738 623 3811 (le-
714 3744 728 3784 ⁸
750 3735 812 3795 Sina
825 3735 962 3796 alacritate
973 3733 1045 3810 alla]
1061 3735 1164 3794 ltaeo·

130 3836 166 3896 [ε
179 3819 268 3889 vitat)
277 3837 418 3895 quemque
427 3818 513 3876 etiam
523 3819 624 3878 dicere.
671 3818 746 3876 dices
765 3826 793 3875 et
811 3817 924 3876 Nonius
942 3817 971 3874 iu
991 3815 1162 3876 alacritatba.

131 3901 245 3966 Scodra,
259 3899 346 3978 Epist.
357 3900 433 3957 cxiv.
453 3896 537 3977 Apud
547 3900 625 3957 Grae·
673 3899 720 3957 01.
729 3898 870 3956 Bentleiue
883 3898 959 3974 legit,
960 3897 1019 3975 stae
1027 3895 1165 3956 alacritate

131 3999 172 4037 cas
184 3980 213 4037 in
228 3979 394 4059 preversum
407 3976 483 4053 uffit,
496 3978 561 4037 talia
574 3980 625 4036 ho·
663 3978 756 4054 finili.
783 3978 955 4053 cogitaram,
958 3978 1018 4054 fine
1026 3975 1165 4036 alacritate

130 4061 259 4118 minibus
272 4059 329 4118 suit
341 4058 441 4127 oratio,
454 4059 546 4136 qualia
556 4059 626 4118 rita.
674 4079 769 4117 varen.
817 4060 869 4116 Sed
893 4059 988 4116 eodem
1016 4055 1085 4116 redit
1110 4059 1165 4116 srva

130 4141 207 4199 Vide
224 4141 259 4199 fir
270 4140 437 4212 Aristidem,
450 4139 533 4198 Orat.
551 4140 628 4201 sm.
675 4139 868 4197 Bentleianam
887 4138 1024 4198 rationem
1044 4138 1166 4216 sequaris

99 4222 109 4244 ‘
132 4221 154 4278 i.
168 4241 200 4301 p.
211 4228 281 4301 4993
304 4219 467 4292 Eusebium,
477 4220 518 4280 H.
530 4219 563 4279 E.
577 4219 627 4279 lib.
675 4220 729 4278 five
742 4219 874 4290 nostram.

740 4315 824 4374 ²32
