2817 4859
225 734 554 805 TESTIMONIA
579 736 644 801 DE
669 736 750 801 MS.
776 734 940 801 REGIO.

108 943 159 1007 Ca.
183 943 415 1007 Saamasrus
442 938 476 1003 iu
504 938 643 1026 Epistola
664 937 704 1003 ad
731 937 798 1004 Ca.
826 938 1077 1015 Sannavruu,

387 1076 390 1089 ·
419 1080 520 1149 naac-
537 1060 703 1144 235‚236·

112 1211 204 1275 UNO
215 1230 252 1274 ao
262 1220 422 1297 perpetuo
436 1206 537 1271 dudlu
551 1206 614 1271 fine
628 1206 697 1271 ullo
706 1205 872 1271 interstitio
884 1227 978 1270 voces
992 1226 1106 1269 omnen

79 1313 181 1377 exarari
193 1312 355 1391 solebant,
369 1322 403 1375 et
417 1308 584 1373 sententiae
599 1308 696 1374 etiam
711 1308 888 1374 continuari
903 1334 910 1372 :
933 1308 986 1372 uisr
1003 1308 1105 1396 quod,

81 1416 126 1480 ubi
139 1413 274 1502 perfecta
287 1412 409 1491 suerat,
426 1434 492 1476 uon
513 1410 547 1476 in
569 1412 681 1477 eadem
705 1412 791 1477 linea
812 1412 943 1476 alteram
965 1411 1106 1499 auspica-

82 1517 199 1597 bantur3
221 1514 275 1579 sed
297 1512 495 1601 principium
512 1512 642 1578 alterius
664 1514 761 1579 lineae
775 1514 837 1579 five
851 1514 957 1577 versus
972 1513 1107 1579 inchoa·

86 1620 161 1685 bant.
202 1620 282 1685 lnde
298 1632 376 1683 nata
390 1616 533 1703 distinctio
548 1619 730 1705 perversus,
746 1617 804 1706 qui
818 1620 955 1706 majores
974 1631 1032 1681 aut
1045 1618 1108 1681 mi·

89 1740 166 1783 nores
186 1733 286 1799 erant,
304 1730 403 1805 prout
417 1716 572 1781 sententia
586 1717 733 1803 pluribus
748 1730 805 1782 aut
818 1718 1022 1807 paucioribus
1036 1740 1109 1781 ver·

89 1820 131 1885 bis
149 1820 376 1885 absolvebatur.
421 1816 587 1883 Interdum
609 1819 839 1905 quippedum,
861 1818 1023 1886 interdum
1045 1832 1111 1885 trea

93 1934 138 1985 aut
150 1923 249 2009 plures
262 1922 368 1987 lineas
383 1918 500 2007 singuli
514 1921 618 1985 versus
632 1922 843 2008 occupabant.
888 1920 993 1984 Graeci
1009 1921 1113 2003 ςίχους

94 2022 245 2109 appellant.
290 2023 402 2107 Opera
423 2033 531 2085 autern
558 2020 623 2109 ipsa
645 2023 895 2088 numerabantur
917 2042 978 2109 per
994 2022 1112 2100 versus,

97 2148 215 2212 quorum
229 2128 354 2193 summa
367 2124 400 2187 in
416 2122 479 2187 fine
492 2123 568 2189 libri
583 2123 739 2191 subducta
753 2126 935 2189 notabatur.
956 2118 1052 2188 'lude
1063 2150 1113 2188 uo·

100 2228 330 2311 nirrxudlrtllw
345 2225 386 2290 de
399 2225 513 2313 grandi
528 2226 692 2291 volumine
706 2226 868 2292 dicebant.
903 2225 973 2291 Diu
987 2224 1114 2290 duravit

99 2324 160 2390 haec
172 2326 260 2391 ratio.
295 2330 332 2391 ln
348 2328 448 2393 veteri
464 2326 575 2393 codice
589 2328 801 2414 Epistolarum
824 2328 925 2405 Pauli,
940 2327 996 2414 qui
1016 2348 1117 2413 penes

106 2424 236 2488 Puteanus
248 2426 289 2488 esi
307 2426 468 2507 adfinem,
484 2428 585 2491 totius
600 2426 771 2514 Scriptura.
785 2426 878 2491 sacrae
892 2424 1047 2502 librorum
1069 2448 1116 2492 ςι-

105 2526 243 2609 posuerim
256 2540 392 2593 notatam
409 2528 564 2594 iuvenies.
611 2526 787 2614 Ouaestiones
802 2526 987 2614 Tusculanas
1008 2517 1043 2590 in
1056 2548 1116 2591 an·

105 2620 255 2706 tiquissrmo
276 2630 450 2717 exemplari
477 2628 691 2695 Bibliothecae
721 2629 835 2717 Regiae
863 2629 909 2693 ita
933 2644 989 2716 per
1015 2628 1119 2713 versus

106 2722 235 2807 distinam
247 2730 378 2817 reperis.

162 2928 243 2995 Idem
259 2934 480 2998 Snanrnsros
496 2933 529 2999 in
546 2935 786 3023 prolegomenis
801 2936 842 3002 ad
857 2938 1057 3016 Soaruunr,
1158 3017 1161 3025 .

545 3074 614 3139 cap.
630 3074 663 3119 v.

150 3190 340 3261 Scraununr
366 3210 472 3264 extare
493 3198 525 3265 in
546 3199 752 3267 Bibliotheca
766 3202 865 3291 Regia
880 3200 1026 3267 codicem
1039 3201 1123 3268 Tus-

116 3291 274 3363 culanarum
299 3300 519 3367 Quaestionum
543 3324 642 3367 manu
661 3317 825 3371 exaratum
841 3305 915 3371 satia
927 3328 1055 3392 magnae
1070 3328 1125 3369 ve·

117 3392 237 3480 tutum
260 3401 291 3465 in
308 3424 374 3489 quo
389 3426 453 3467 ooo
468 3403 578 3470 ordine
594 3405 761 3486 continuo,
776 3409 855 3475 ficut
869 3408 903 3472 in
916 3410 986 3473 aliis
1002 3408 1125 3473 tralati-

119 3492 183 3560 tiurn
196 3502 244 3582 est,
255 3503 328 3568 libri
342 3504 487 3592 descripti
502 3504 660 3588 feruntur,
671 3508 725 3574 sed
740 3510 898 3576 saltuatim
914 3534 970 3597 per
983 3511 1127 3599 inaqua-

121 3587 156 3655 les
166 3600 313 3684 periodos,
329 3626 370 3669 eo
384 3604 506 3692 prorsus
521 3606 619 3671 modo
633 3630 699 3695 quo
713 3608 819 3675 Biblia
831 3610 916 3677 saera
929 3611 1085 3677 videmus.

66 3818 68 3825 ⁴
157 3830 423 3905 Marcomanos
441 3842 599 3907 Guoros
616 3840 657 3907 ad
672 3844 836 3910 Peranna
852 3843 910 3909 lib.
928 3843 951 3909 i.
967 3844 1032 3910 sab.
1049 3822 1101 3931 25.

157 3984 293 4057 Exsul-r
318 3992 457 4057 Lutetiae
479 3992 511 4058 in
530 3992 735 4059 Bibliotheca
756 3996 860 4083 Regia
874 3996 1038 4063 Ciceronis
1052 3998 1132 4063 Tus·

54 4156 56 4186 p
126 4084 282 4159 culananun
306 4094 529 4161 Quaestionum
550 4095 653 4163 codex
674 4096 894 4163 vetustisfimua
913 4114 947 4165 et
967 4100 1133 4188 incompa-

127 4186 221 4272 absis,
235 4217 289 4281 per
303 4192 410 4265 versus
423 4194 599 4263 distinctum
