2817 4859
333 387 343 402 -
408 365 568 441 marn
597 361 889 430 secuunus.
1099 385 1165 452 ω

112 519 254 612 ,italit
271 539 314 598 ut
337 547 435 598 nunc
462 523 531 598 fit:
558 547 643 598 cum
659 547 746 599 vero
771 523 887 600 sontes
908 525 1002 600 fetro
1024 529 1165 628 depug-

120 625 287 709 1nabant;
314 622 459 698 auribus
475 623 616 698 fortasse
632 625 770 708 multae,
786 625 902 721 oculis
916 627 1066 725 quidem
1082 627 1165 700 nul-

115 721 168 803 ,la
191 740 331 818 poterat
356 724 426 796 esse
453 721 579 796 sortior
607 740 734 795 contra
758 723 920 798 dolorem
945 743 982 799 et
1010 743 1166 802 mortem

128 819 330 918 disciplina.

179 919 304 994 XVII.
323 921 380 994 De
396 917 664 1009 exercitatione,
677 936 714 993 et
729 919 1000 1010 consuetudine,
1014 937 1051 995 et
1062 947 1165 1000 com·

128 1017 350 1092 mentatione
375 1016 465 1092 dixi.
515 1019 655 1117 Agesis,
681 1043 779 1092 nunc
808 1021 854 1092 de
881 1019 1016 1093 tatione
1041 1021 1164 1105 videa-

128 1141 232 1190 mus:
260 1117 327 1190 nifi
344 1117 433 1215 quid
451 1118 503 1190 vis
518 1119 563 1190 ad
580 1118 673 1192 haec.
723 1119 771 1192 A.
788 1119 916 1216 Egone
938 1137 980 1192 ut
1002 1137 1038 1192 te
1055 1119 1165 1194 inter-

128 1217 294 1313 pellem?
334 1243 379 1290 ne
404 1217 474 1288 hoc
499 1215 647 1314 quidem
672 1218 829 1290 vellem:
857 1215 906 1290 ita
931 1242 989 1290 rue
1015 1221 1062 1292 ad
1084 1245 1164 1294 cre·

128 1315 293 1388 dendum
318 1332 381 1390 tua
403 1313 505 1388 ducit
530 1313 655 1388 oratio.
706 1316 767 1390 M.
784 1314 884 1390 Sitne
904 1315 1014 1414 igitur
1029 1320 1165 1396 malum

129 1415 265 1502 dolere,
282 1437 409 1500 necne,
434 1413 545 1487 Stoici
564 1413 743 1488 viderint:
768 1413 831 1511 qui
854 1416 1066 1491 contortulis
1081 1417 1166 1514 qui-

127 1511 283 1586 busdam
305 1531 342 1584 et
369 1512 515 1586 minutis
541 1511 856 1600 conclufiunculis,
883 1539 950 1586 nec
976 1515 1166 1590 adsensus

127 1609 434 1722 permanantibus,
451 1611 546 1684 effici
565 1613 692 1687 volunt
708 1626 804 1685 'non
821 1613 890 1685 esse
904 1615 1052 1688 malurn.
1083 1615 1166 1714 Ego

129 1711 236 1800 illud,
255 1709 433 1808 quicquid
455 1711 513 1796 fit,
530 1727 672 1786 tantum
696 1713 766 1785 effe
789 1729 964 1809 quantum
987 1711 1164 1800 videatur,

128 1833 204 1882 non
229 1827 346 1907 puto:
375 1811 529 1906 salsaque
555 1812 630 1909 ejus
656 1810 792 1884 visione
820 1827 857 1882 et
882 1809 999 1908 specie
1028 1811 1165 1884 moveri

129 1907 299 1982 homines
322 1907 407 1982 dico
428 1907 685 1998 vehementius,
711 1910 964 2006 tdoloremque
987 1910 1063 2004 ejus
1086 1933 1165 1984 otn-

128 2031 215 2080 nem
241 2007 315 2080 else
343 2006 576 2082 tolerabilem.
628 2007 738 2082 Unde
766 2005 876 2105 igitur
907 2006 1053 2084 ordiar?
1104 2009 1165 2082 An

129 2107 257 2180 eadem
273 2105 430 2180 breviter
453 2103 639 2205 attingam,
658 2130 743 2204 quae
766 2109 877 2180 modo
898 2106 989 2194 dixi,
1015 2133 1089 2205 quo
1113 2107 1165 2182 fa·

124 2335 337 2414 jugulationem
352 2357 418 2395 cum
439 2335 537 2414 plausu
554 2335 624 2395 risu·
673 2347 713 2404 ta,
727 2357 785 2397 vox
798 2337 891 2395 media
903 2337 989 2394 uideri
1004 2336 1082 2413 pollit
1094 2339 1166 2396 otio·

131 2435 193 2494 que
214 2419 393 2495 oontemplati
414 2419 468 2476 sint
491 2418 625 2488 Romani,
673 2418 703 2475 sa
716 2437 803 2494 quam
816 2412 963 2496 propterea
981 2416 1068 2475 nescit
1084 2417 1165 2478 Met.

130 2498 214 2572 quod
235 2509 327 2554 monet
346 2497 483 2556 Nicolaus
506 2499 626 2556 Damas·
674 2497 776 2556 Eliens.
785 2509 849 2556 tert.
862 2507 890 2556 et
901 2497 1018 2558 Petrens.
1031 2497 1164 2565 denudo

113 2575 220 2634 'oenus
239 2577 314 2654 apud
324 2579 506 2644 Athenaeum,
524 2577 572 2636 lib.
586 2579 624 2637 iv.
674 2579 798 2658 Ioremquc
805 2577 865 2654 ejus
879 2579 962 2635 modo
974 2597 1076 2635 omnm.
1099 2579 1166 2637 Pro-

128 2679 160 2736 p.
175 2675 246 2736 153·
260 2659 303 2716 ed.
314 2657 406 2736 Lugd.
426 2659 519 2716 Graeci
528 2669 624 2716 tamen
674 2659 761 2716 babili
780 2657 939 2736 eonjeslura
958 2659 1031 2736 lego,
1044 2657 1167 2717 dolueru-

128 2739 283 2816 Judaeique
304 2738 442 2797 Romanis
462 2739 552 2796 nihilo
565 2757 625 2798 me·
673 2738 732 2818 fite,
747 2740 817 2797 velit
837 2739 930 2808 modo,
949 2759 1043 2796 omnm
1061 2739 1107 2818 effe
1126 2755 1167 2797 to·

128 2819 213 2878 liores
240 2837 260 2876 a
287 2820 449 2878 muneribus
471 2817 543 2876 hisce
567 2821 625 2897 pri·
673 2819 812 2878 latrabilem.
845 2819 876 2877 si
889 2829 984 2878 tamen
997 2820 1165 2878 aliorumli·

132 2918 216 2958 mum
237 2899 394 2978 oonspesliu
414 2902 623 2958 abhorruerunt.
673 2902 786 2957 brorum
801 2898 902 2957 dusius
916 2899 1072 2976 sequendus
1086 2900 1165 2958 vide·

134 2979 209 3037 Vide
222 2979 409 3038 dodlissimum
427 2979 519 3038 virum
541 2980 624 3057 joan.
674 2995 758 3049 atur;
785 2977 874 3055 ejeslo
893 2978 973 3047 modo,
993 2978 1165 3059 rescribatur,

117 3059 288 3129 ·Clerieum,
310 3063 376 3118 Art.
397 3061 470 3119 erit.
492 3061 565 3118 Part.
584 3060 624 3118 ll.
673 3059 836 3138 dolumque,
848 3058 926 3127 velie,
939 3077 1033 3117 armon
1045 3059 1092 3138 effi
1104 3059 1165 3118 tose-

129 3138 206 3199 Seu.
224 3140 245 3198 i.
262 3159 289 3198 c.
303 3139 341 3197 vi.
357 3155 384 3218 7.
426 3141 502 3198 Hinc
522 3140 626 3198 constat
674 3141 791 3198 robilm.
812 3139 975 3216 Utrumque
985 3141 1098 3218 quidem
1108 3141 1167 3199 La·

130 3229 242 3298 quanta
262 3221 296 3279 fir
315 3219 522 3280 consuetudinis
536 3222 585 3278 vis·
597 3229 626 3278 et
674 3221 744 3290 tine,
758 3221 888 3297 quamvis
901 3222 991 3278 oratio
1003 3222 1094 3298 priore
1104 3239 1165 3278 me·

127 3301 261 3380 poteslas.
674 3303 761 3361 rhodo
783 3301 831 3358 fiat
854 3301 1032 3360 numerosor.
1070 3301 1165 3360 Hora·

169 3389 181 3421 ⁸
202 3383 264 3441 Nou
277 3384 323 3462 effe
337 3380 446 3454 malum]
468 3381 564 3457 Vulgo
576 3381 626 3442 ad·
674 3382 743 3452 tius,
755 3383 805 3441 lib.
818 3381 837 3439 i.
851 3382 939 3440 Serm.
953 3383 995 3439 ix.
1006 3397 1055 3458 54.

129 3463 203 3520 dunt
218 3461 341 3522 dolorm
381 3463 433 3520 set
452 3481 514 3522 eam
529 3481 625 3520 vocem
752 3461 873 3518 -Velia
886 3461 1091 3532 tantummodo,
1104 3481 1165 3543 qua

131 3543 235 3602 merito
264 3543 369 3600 delevit
399 3543 445 3600 Cl.
475 3543 627 3613 Bentleiut,
794 3541 951 3611 tuavtrtus,

130 3643 200 3682 curn
221 3621 370 3682 necessaria
394 3643 451 3680 non
474 3623 516 3691 fit,
536 3633 564 3680 et
585 3621 625 3681 se·
715 3619 893 3702 Expugnabis.

130 3706 286 3780 quentium
314 3705 461 3762 verborum
486 3703 627 3762 Latinita-
675 3703 788 3768 Seneca,
801 3699 888 3760 Coos.
909 3703 944 3760 ad
964 3703 1114 3761 Marciam.
1136 3721 1163 3762 c.

128 3795 192 3842 tem
205 3785 299 3842 vitiet.
675 3784 734 3862 xvj.
761 3783 819 3846 Par
832 3781 1099 3858 adluuntutibm,
1108 3781 1164 3860 so·

171 3864 367 3940 ‘Delumque
375 3860 550 3940 ejuuomnem]
564 3865 626 3922 Ab·
673 3865 768 3923 cultas.
814 3859 986 3938 Huiusmodi
1015 3863 1097 3938 plura
1122 3861 1166 3922 le·

129 3943 215 4003 surda
228 3946 266 4003 etl
280 3945 342 4002 haec
360 3941 463 4010 lesli03
485 3962 627 4022 quaprop·
674 3945 805 4021 gentibtu
820 3955 974 4009 occurrent,
986 3955 1015 4000 et
1029 3943 1165 4001 nonnulle

131 4035 178 4082 ter
197 4025 348 4084 Manutius
367 4035 396 4080 et
410 4025 564 4082 Lambinus
583 4043 626 4084 re-
674 4024 804 4102 congeslit
830 4021 993 4090 Priscianus,
1016 4023 1066 4086 lib.
1084 4025 1162 4082 miii.

132 4115 255 4181 ponunt.
279 4103 436 4182 doloremque
461 4107 500 4162 eie
522 4123 627 4163 omnem.
674 4106 728 4164 col.
745 4119 832 4182 1145.
859 4102 904 4161 De
917 4123 945 4160 te
958 4103 1018 4183 ipsa
1032 4103 1162 4181 vidcap.

132 4185 247 4245 Sedvel
261 4189 314 4244 hac
327 4185 520 4262 emendatione
534 4203 627 4264 recep·
678 4205 726 4246 21.
1131 4218 1148 4234 ··

672 4285 725 4324 aa
