<?xml version="1.0" encoding="UTF-8"?>
<!DOCTYPE html PUBLIC "-//W3C//DTD XHTML 1.0 Transitional//EN"
    "http://www.w3.org/TR/xhtml1/DTD/xhtml1-transitional.dtd">
<html xmlns="http://www.w3.org/1999/xhtml" xml:lang="en" lang="en">
 <head>
  <title>
</title>
<meta http-equiv="Content-Type" content="text/html;charset=utf-8" />
  <meta name='ocr-system' content='tesseract 3.04.00' />
  <meta name='ocr-capabilities' content='ocr_page ocr_carea ocr_par ocr_line ocrx_word'/>
</head>
<body>
  <div class='ocr_page' id='page_1' title='image "./mtulliiciceroni00bentgoog_0282.png"; bbox 0 0 2817 4859; ppageno 0'>
   <div class='ocr_carea' id='block_1_1' title="bbox 285 341 1095 430">
    <p class='ocr_par' dir='ltr' id='par_1_1' title="bbox 285 341 1095 430">
     <span class='ocr_line' id='line_1_1' title="bbox 285 341 1095 430; baseline -0.009 -15"><span class='ocrx_word' id='word_1_1' title='bbox 285 354 343 430; x_wconf 74' lang='lat'><strong>284</strong></span> <span class='ocrx_word' id='word_1_2' title='bbox 495 347 686 410; x_wconf 85' lang='lat' dir='ltr'><strong>TUSCUL.</strong></span> <span class='ocrx_word' id='word_1_3' title='bbox 712 341 1095 410; x_wconf 80' lang='lat' dir='ltr'>DISPUTATIONUM</span> 
     </span>
    </p>
   </div>
   <div class='ocr_carea' id='block_1_2' title="bbox 261 497 1310 2280">
    <p class='ocr_par' dir='ltr' id='par_1_2' title="bbox 281 497 1310 1668">
     <span class='ocr_line' id='line_1_2' title="bbox 282 497 1308 606; baseline -0.01 -21"><span class='ocrx_word' id='word_1_4' title='bbox 282 533 464 586; x_wconf 85' lang='lat' dir='ltr'><strong>manarum</strong></span> <span class='ocrx_word' id='word_1_5' title='bbox 496 507 692 590; x_wconf 85' lang='lat' dir='ltr'><strong>scientiam,</strong></span> <span class='ocrx_word' id='word_1_6' title='bbox 726 505 1039 606; x_wconf 84' lang='lat' dir='ltr'><strong>cognitionemque</strong></span> <span class='ocrx_word' id='word_1_7' title='bbox 1069 529 1153 604; x_wconf 80' lang='lat' dir='ltr'><strong>quae</strong></span> <span class='ocrx_word' id='word_1_8' title='bbox 1182 497 1308 602; x_wconf 67' lang='lat' dir='ltr'><strong>eujus.</strong></span> 
     </span>
     <span class='ocr_line' id='line_1_3' title="bbox 283 604 1303 706; baseline -0.001 -25"><span class='ocrx_word' id='word_1_9' title='bbox 283 632 353 706; x_wconf 83' lang='lat' dir='ltr'><strong>que</strong></span> <span class='ocrx_word' id='word_1_10' title='bbox 375 607 423 680; x_wconf 88' lang='lat' dir='ltr'><strong>rei</strong></span> <span class='ocrx_word' id='word_1_11' title='bbox 440 606 544 679; x_wconf 88' lang='lat' dir='ltr'><strong>causa</strong></span> <span class='ocrx_word' id='word_1_12' title='bbox 560 610 612 680; x_wconf 85' lang='lat' dir='ltr'><strong>sit.</strong></span> <span class='ocrx_word' id='word_1_13' title='bbox 662 607 721 680; x_wconf 84' lang='lat' dir='ltr'><strong>Ex</strong></span> <span class='ocrx_word' id='word_1_14' title='bbox 746 631 820 702; x_wconf 93' lang='lat' dir='ltr'><strong>quo</strong></span> <span class='ocrx_word' id='word_1_15' title='bbox 840 605 1007 691; x_wconf 86' lang='lat' dir='ltr'><strong>efficitur,</strong></span> <span class='ocrx_word' id='word_1_16' title='bbox 1023 622 1068 679; x_wconf 90' lang='lat' dir='ltr'><strong>ut</strong></span> <span class='ocrx_word' id='word_1_17' title='bbox 1081 604 1204 680; x_wconf 79' lang='lat' dir='ltr'><strong>divina</strong></span> <span class='ocrx_word' id='word_1_18' title='bbox 1220 605 1303 680; x_wconf 90' lang='lat' dir='ltr'><strong>imi·-</strong></span> 
     </span>
     <span class='ocr_line' id='line_1_4' title="bbox 281 703 1304 792; baseline -0.001 -13"><span class='ocrx_word' id='word_1_19' title='bbox 281 727 391 792; x_wconf 88' lang='lat' dir='ltr'><strong>tetur,</strong></span> <span class='ocrx_word' id='word_1_20' title='bbox 409 707 564 778; x_wconf 82' lang='lat' dir='ltr'><strong>humana</strong></span> <span class='ocrx_word' id='word_1_21' title='bbox 587 704 706 779; x_wconf 85' lang='lat' dir='ltr'><strong>omnia</strong></span> <span class='ocrx_word' id='word_1_22' title='bbox 722 703 887 778; x_wconf 87' lang='lat' dir='ltr'><strong>inferiora</strong></span> <span class='ocrx_word' id='word_1_23' title='bbox 903 705 1033 778; x_wconf 79' lang='lat' dir='ltr'><strong>virtute</strong></span> <span class='ocrx_word' id='word_1_24' title='bbox 1060 705 1180 778; x_wconf 83' lang='lat' dir='ltr'><strong>ducat.</strong></span> <span class='ocrx_word' id='word_1_25' title='bbox 1232 703 1304 778; x_wconf 85' lang='lat' dir='ltr'><strong>¹¹ln</strong></span> 
     </span>
     <span class='ocr_line' id='line_1_5' title="bbox 283 801 1305 900; baseline -0.004 -20"><span class='ocrx_word' id='word_1_26' title='bbox 283 805 382 881; x_wconf 89' lang='lat' dir='ltr'><strong>hunc</strong></span> <span class='ocrx_word' id='word_1_27' title='bbox 404 822 445 877; x_wconf 87' lang='lat' dir='ltr'><strong>tu</strong></span> <span class='ocrx_word' id='word_1_28' title='bbox 471 801 593 900; x_wconf 85' lang='lat' dir='ltr'><strong>igitur,</strong></span> <span class='ocrx_word' id='word_1_29' title='bbox 617 821 787 899; x_wconf 82' lang='lat' dir='ltr'><strong>tanquam</strong></span> <span class='ocrx_word' id='word_1_30' title='bbox 812 801 850 875; x_wconf 90' lang='lat' dir='ltr'><strong>in</strong></span> <span class='ocrx_word' id='word_1_31' title='bbox 878 827 972 876; x_wconf 85' lang='lat' dir='ltr'><strong>mare</strong></span> <span class='ocrx_word' id='word_1_32' title='bbox 997 805 1095 899; x_wconf 91' lang='lat' dir='ltr'><strong>quod</strong></span> <span class='ocrx_word' id='word_1_33' title='bbox 1119 803 1171 876; x_wconf 85' lang='lat' dir='ltr'><strong>est</strong></span> <span class='ocrx_word' id='word_1_34' title='bbox 1186 801 1305 876; x_wconf 80' lang='lat' dir='ltr'><strong>ventis</strong></span> 
     </span>
     <span class='ocr_line' id='line_1_6' title="bbox 281 899 1307 999; baseline -0.005 -19"><span class='ocrx_word' id='word_1_35' title='bbox 281 904 494 999; x_wconf 73' lang='lat' dir='ltr'><strong>subjedtum,</strong></span> <span class='ocrx_word' id='word_1_36' title='bbox 511 901 813 998; x_wconf 78' lang='lat' dir='ltr'>perturbationem</span> <span class='ocrx_word' id='word_1_37' title='bbox 834 903 957 974; x_wconf 84' lang='lat' dir='ltr'><strong>cadere</strong></span> <span class='ocrx_word' id='word_1_38' title='bbox 974 901 1039 975; x_wconf 90' lang='lat' dir='ltr'><strong>tibi</strong></span> <span class='ocrx_word' id='word_1_39' title='bbox 1064 899 1183 974; x_wconf 80' lang='lat' dir='ltr'><strong>dixisti</strong></span> <span class='ocrx_word' id='word_1_40' title='bbox 1201 901 1307 976; x_wconf 86' lang='lat' dir='ltr'><strong>vide-</strong></span> 
     </span>
     <span class='ocr_line' id='line_1_7' title="bbox 282 999 1307 1098; baseline -0.002 -22"><span class='ocrx_word' id='word_1_41' title='bbox 282 1005 341 1076; x_wconf 78' lang='lat' dir='ltr'><strong>ri?</strong></span> <span class='ocrx_word' id='word_1_42' title='bbox 384 1002 484 1074; x_wconf 78' lang='lat' dir='ltr'><strong>Quid</strong></span> <span class='ocrx_word' id='word_1_43' title='bbox 511 1001 575 1084; x_wconf 87' lang='lat' dir='ltr'><strong>est,</strong></span> <span class='ocrx_word' id='word_1_44' title='bbox 601 1003 702 1096; x_wconf 93' lang='lat' dir='ltr'><strong>quod</strong></span> <span class='ocrx_word' id='word_1_45' title='bbox 734 1017 867 1074; x_wconf 79' lang='lat' dir='ltr'><strong>tantam</strong></span> <span class='ocrx_word' id='word_1_46' title='bbox 896 999 1104 1098; x_wconf 83' lang='lat' dir='ltr'><strong>gravitatem</strong></span> <span class='ocrx_word' id='word_1_47' title='bbox 1136 1001 1307 1074; x_wconf 85' lang='lat' dir='ltr'><strong>constan·</strong></span> 
     </span>
     <span class='ocr_line' id='line_1_8' title="bbox 282 1097 1308 1198; baseline -0.006 -20"><span class='ocrx_word' id='word_1_48' title='bbox 282 1101 440 1198; x_wconf 79' lang='lat' dir='ltr'><strong>tiamque</strong></span> <span class='ocrx_word' id='word_1_49' title='bbox 465 1101 676 1196; x_wconf 85' lang='lat' dir='ltr'><strong>perturbet?</strong></span> <span class='ocrx_word' id='word_1_50' title='bbox 719 1098 784 1170; x_wconf 84' lang='lat' dir='ltr'><strong>ian</strong></span> <span class='ocrx_word' id='word_1_51' title='bbox 816 1097 1047 1195; x_wconf 88' lang='lat' dir='ltr'><strong>improvisum</strong></span> <span class='ocrx_word' id='word_1_52' title='bbox 1075 1097 1213 1197; x_wconf 81' lang='lat' dir='ltr'><strong>aliquid</strong></span> <span class='ocrx_word' id='word_1_53' title='bbox 1243 1115 1308 1172; x_wconf 84' lang='lat' dir='ltr'><strong>aut</strong></span> 
     </span>
     <span class='ocr_line' id='line_1_9' title="bbox 282 1195 1308 1296; baseline -0.001 -24"><span class='ocrx_word' id='word_1_54' title='bbox 282 1197 508 1296; x_wconf 82' lang='lat' dir='ltr'><strong>repentinum</strong></span> <span class='ocrx_word' id='word_1_55' title='bbox 525 1199 539 1270; x_wconf 71' lang='lat' dir='ltr'><strong>l</strong></span> <span class='ocrx_word' id='word_1_56' title='bbox 587 1195 687 1271; x_wconf 77' lang='lat' dir='ltr'><strong>Quid</strong></span> <span class='ocrx_word' id='word_1_57' title='bbox 712 1197 827 1292; x_wconf 89' lang='lat' dir='ltr'><strong>potest</strong></span> <span class='ocrx_word' id='word_1_58' title='bbox 844 1196 1101 1287; x_wconf 65' lang='lat' dir='ltr'><strong>accidentale,</strong></span> <span class='ocrx_word' id='word_1_59' title='bbox 1118 1213 1155 1271; x_wconf 88' lang='lat' dir='ltr'><strong>et</strong></span> <span class='ocrx_word' id='word_1_60' title='bbox 1168 1196 1229 1270; x_wconf 90' lang='lat' dir='ltr'><strong>cui</strong></span> <span class='ocrx_word' id='word_1_61' title='bbox 1248 1197 1308 1271; x_wconf 91' lang='lat' dir='ltr'><strong>ni·</strong></span> 
     </span>
     <span class='ocr_line' id='line_1_10' title="bbox 282 1295 1310 1408; baseline -0.003 -35"><span class='ocrx_word' id='word_1_62' title='bbox 282 1297 337 1375; x_wconf 86' lang='lat' dir='ltr'><strong>hil</strong></span> <span class='ocrx_word' id='word_1_63' title='bbox 352 1299 451 1408; x_wconf 90' lang='lat' dir='ltr'><strong>quod</strong></span> <span class='ocrx_word' id='word_1_64' title='bbox 468 1295 605 1369; x_wconf 88' lang='lat' dir='ltr'><strong>homini</strong></span> <span class='ocrx_word' id='word_1_65' title='bbox 623 1295 762 1368; x_wconf 82' lang='lat' dir='ltr'><strong>evenire</strong></span> <span class='ocrx_word' id='word_1_66' title='bbox 784 1295 916 1393; x_wconf 81' lang='lat' dir='ltr'><strong>poffit?</strong></span> <span class='ocrx_word' id='word_1_67' title='bbox 969 1298 1067 1370; x_wconf 84' lang='lat' dir='ltr'><strong>Nam</strong></span> <span class='ocrx_word' id='word_1_68' title='bbox 1082 1297 1180 1393; x_wconf 90' lang='lat' dir='ltr'><strong>quod</strong></span> <span class='ocrx_word' id='word_1_69' title='bbox 1205 1296 1310 1372; x_wconf 89' lang='lat' dir='ltr'><strong>aiunt</strong></span> 
     </span>
     <span class='ocr_line' id='line_1_11' title="bbox 283 1392 1309 1506; baseline -0.001 -37"><span class='ocrx_word' id='word_1_70' title='bbox 283 1395 393 1470; x_wconf 83' lang='lat' dir='ltr'><strong>nimra</strong></span> <span class='ocrx_word' id='word_1_71' title='bbox 422 1394 565 1468; x_wconf 84' lang='lat' dir='ltr'><strong>resecari</strong></span> <span class='ocrx_word' id='word_1_72' title='bbox 596 1411 769 1490; x_wconf 85' lang='lat' dir='ltr'>oportere,</span> <span class='ocrx_word' id='word_1_73' title='bbox 800 1395 971 1468; x_wconf 81' lang='lat' dir='ltr'><strong>naturalia</strong></span> <span class='ocrx_word' id='word_1_74' title='bbox 998 1392 1170 1491; x_wconf 80' lang='lat' dir='ltr'><strong>relinqui:</strong></span> <span class='ocrx_word' id='word_1_75' title='bbox 1213 1395 1309 1506; x_wconf 87' lang='lat' dir='ltr'><strong>quid</strong></span> 
     </span>
     <span class='ocr_line' id='line_1_12' title="bbox 283 1492 1308 1596; baseline 0.002 -30"><span class='ocrx_word' id='word_1_76' title='bbox 283 1497 427 1567; x_wconf 82' lang='lat' dir='ltr'><strong>tandem</strong></span> <span class='ocrx_word' id='word_1_77' title='bbox 452 1494 568 1590; x_wconf 84' lang='lat' dir='ltr'><strong>potest</strong></span> <span class='ocrx_word' id='word_1_78' title='bbox 597 1495 666 1566; x_wconf 80' lang='lat' dir='ltr'><strong>else</strong></span> <span class='ocrx_word' id='word_1_79' title='bbox 700 1495 872 1583; x_wconf 84' lang='lat' dir='ltr'><strong>naturale,·</strong></span> <span class='ocrx_word' id='word_1_80' title='bbox 897 1496 996 1596; x_wconf 90' lang='lat' dir='ltr'><strong>quod</strong></span> <span class='ocrx_word' id='word_1_81' title='bbox 1027 1493 1123 1572; x_wconf 80' lang='lat' dir='ltr'><strong>idem</strong></span> <span class='ocrx_word' id='word_1_82' title='bbox 1150 1492 1308 1568; x_wconf 73' lang='lat' dir='ltr'><strong>nimium</strong></span> 
     </span>
     <span class='ocr_line' id='line_1_13' title="bbox 283 1592 501 1668; baseline -0.014 0"><span class='ocrx_word' id='word_1_83' title='bbox 283 1593 354 1668; x_wconf 80' lang='lat' dir='ltr'><strong>effe</strong></span> <span class='ocrx_word' id='word_1_84' title='bbox 396 1592 501 1665; x_wconf 82' lang='lat' dir='ltr'><strong>offit?</strong></span> 
     </span>
    </p>

    <p class='ocr_par' dir='ltr' id='par_1_3' title="bbox 261 1688 1309 2280">
     <span class='ocr_line' id='line_1_14' title="bbox 333 1688 1309 1766; baseline 0.002 -2"><span class='ocrx_word' id='word_1_85' title='bbox 333 1692 372 1764; x_wconf 89' lang='lat' dir='ltr'>X</span> <span class='ocrx_word' id='word_1_86' title='bbox 413 1692 495 1762; x_wconf 90' lang='lat' dir='ltr'><strong>Vll.</strong></span> <span class='ocrx_word' id='word_1_87' title='bbox 521 1691 611 1763; x_wconf 89' lang='lat' dir='ltr'><strong>Sunt</strong></span> <span class='ocrx_word' id='word_1_88' title='bbox 634 1688 731 1764; x_wconf 85' lang='lat' dir='ltr'><strong>enim</strong></span> <span class='ocrx_word' id='word_1_89' title='bbox 755 1689 875 1764; x_wconf 88' lang='lat' dir='ltr'><strong>omnia</strong></span> <span class='ocrx_word' id='word_1_90' title='bbox 890 1691 954 1762; x_wconf 84' lang='lat' dir='ltr'><strong>ista</strong></span> <span class='ocrx_word' id='word_1_91' title='bbox 975 1715 1020 1762; x_wconf 85' lang='lat' dir='ltr'><strong>ex</strong></span> <span class='ocrx_word' id='word_1_92' title='bbox 1046 1715 1203 1766; x_wconf 85' lang='lat' dir='ltr'><strong>errorum</strong></span> <span class='ocrx_word' id='word_1_93' title='bbox 1228 1705 1309 1766; x_wconf 85' lang='lat' dir='ltr'><strong>orta</strong></span> 
     </span>
     <span class='ocr_line' id='line_1_15' title="bbox 283 1788 1306 1886; baseline 0 -23"><span class='ocrx_word' id='word_1_94' title='bbox 283 1788 482 1863; x_wconf 75' lang='lat' dir='ltr'><strong>radicibus:</strong></span> <span class='ocrx_word' id='word_1_95' title='bbox 514 1813 594 1885; x_wconf 83' lang='lat' dir='ltr'><strong>quae</strong></span> <span class='ocrx_word' id='word_1_96' title='bbox 625 1791 809 1862; x_wconf 82' lang='lat' dir='ltr'><strong>evellenda</strong></span> <span class='ocrx_word' id='word_1_97' title='bbox 842 1807 876 1860; x_wconf 87' lang='lat' dir='ltr'><strong>et</strong></span> <span class='ocrx_word' id='word_1_98' title='bbox 909 1788 1125 1864; x_wconf 74' lang='lat' dir='ltr'><strong>extrahenda</strong></span> <span class='ocrx_word' id='word_1_99' title='bbox 1148 1789 1306 1886; x_wconf 83' lang='lat' dir='ltr'><strong>penitus,</strong></span> 
     </span>
     <span class='ocr_line' id='line_1_16' title="bbox 283 1886 1307 1986; baseline -0.002 -22"><span class='ocrx_word' id='word_1_100' title='bbox 283 1913 357 1964; x_wconf 91' lang='lat' dir='ltr'><strong>non</strong></span> <span class='ocrx_word' id='word_1_101' title='bbox 375 1886 746 1962; x_wconf 79' lang='lat' dir='ltr'><strong>circumcidendanec</strong></span> <span class='ocrx_word' id='word_1_102' title='bbox 762 1887 977 1984; x_wconf 75' lang='lat' dir='ltr'><strong>amputanda</strong></span> <span class='ocrx_word' id='word_1_103' title='bbox 992 1889 1083 1961; x_wconf 82' lang='lat' dir='ltr'><strong>sunt.</strong></span> <span class='ocrx_word' id='word_1_104' title='bbox 1125 1889 1197 1960; x_wconf 81' lang='lat' dir='ltr'><strong>Sed</strong></span> <span class='ocrx_word' id='word_1_105' title='bbox 1211 1913 1307 1986; x_wconf 93' lang='lat' dir='ltr'><strong>quo-</strong></span> 
     </span>
     <span class='ocr_line' id='line_1_17' title="bbox 282 1984 1307 2084; baseline -0.001 -23"><span class='ocrx_word' id='word_1_106' title='bbox 282 1987 381 2062; x_wconf 85' lang='lat' dir='ltr'><strong>niam</strong></span> <span class='ocrx_word' id='word_1_107' title='bbox 398 1984 553 2080; x_wconf 86' lang='lat' dir='ltr'><strong>suspicor</strong></span> <span class='ocrx_word' id='word_1_108' title='bbox 567 2004 603 2058; x_wconf 85' lang='lat' dir='ltr'><strong>te</strong></span> <span class='ocrx_word' id='word_1_109' title='bbox 626 2010 698 2058; x_wconf 89' lang='lat' dir='ltr'><strong>non</strong></span> <span class='ocrx_word' id='word_1_110' title='bbox 721 2003 794 2060; x_wconf 86' lang='lat' dir='ltr'><strong>tam</strong></span> <span class='ocrx_word' id='word_1_111' title='bbox 819 1988 862 2060; x_wconf 88' lang='lat' dir='ltr'><strong>de</strong></span> <span class='ocrx_word' id='word_1_112' title='bbox 888 1987 1064 2083; x_wconf 73' lang='lat' dir='ltr'><strong>sapiente,</strong></span> <span class='ocrx_word' id='word_1_113' title='bbox 1079 2010 1188 2084; x_wconf 86' lang='lat' dir='ltr'><strong>quarn</strong></span> <span class='ocrx_word' id='word_1_114' title='bbox 1207 1987 1253 2060; x_wconf 87' lang='lat' dir='ltr'><strong>de</strong></span> <span class='ocrx_word' id='word_1_115' title='bbox 1270 2003 1307 2060; x_wconf 85' lang='lat' dir='ltr'><strong>te</strong></span> 
     </span>
     <span class='ocr_line' id='line_1_18' title="bbox 261 2082 1306 2182; baseline 0.002 -26"><span class='ocrx_word' id='word_1_116' title='bbox 261 2082 361 2180; x_wconf 74' lang='lat' dir='ltr'><strong>‘ipso</strong></span> <span class='ocrx_word' id='word_1_117' title='bbox 387 2105 566 2178; x_wconf 83' lang='lat' dir='ltr'><strong>quaerere:</strong></span> <span class='ocrx_word' id='word_1_118' title='bbox 606 2082 709 2158; x_wconf 89' lang='lat' dir='ltr'><strong>illum</strong></span> <span class='ocrx_word' id='word_1_119' title='bbox 738 2084 834 2158; x_wconf 84' lang='lat' dir='ltr'><strong>enim</strong></span> <span class='ocrx_word' id='word_1_120' title='bbox 861 2103 962 2182; x_wconf 81' lang='lat' dir='ltr'><strong>putas</strong></span> <span class='ocrx_word' id='word_1_121' title='bbox 991 2083 1088 2158; x_wconf 88' lang='lat' dir='ltr'><strong>omni</strong></span> <span class='ocrx_word' id='word_1_122' title='bbox 1116 2086 1306 2181; x_wconf 86' lang='lat' dir='ltr'><strong>perturba·</strong></span> 
     </span>
     <span class='ocr_line' id='line_1_19' title="bbox 282 2180 1305 2280; baseline 0.002 -26"><span class='ocrx_word' id='word_1_123' title='bbox 282 2182 381 2254; x_wconf 86' lang='lat' dir='ltr'><strong>tione</strong></span> <span class='ocrx_word' id='word_1_124' title='bbox 406 2181 476 2254; x_wconf 83' lang='lat' dir='ltr'><strong>esso</strong></span> <span class='ocrx_word' id='word_1_125' title='bbox 499 2180 663 2265; x_wconf 86' lang='lat' dir='ltr'><strong>liberum,</strong></span> <span class='ocrx_word' id='word_1_126' title='bbox 679 2182 742 2254; x_wconf 81' lang='lat' dir='ltr'><strong>¹‘te</strong></span> <span class='ocrx_word' id='word_1_127' title='bbox 768 2181 845 2258; x_wconf 82' lang='lat' dir='ltr'><strong>vir:</strong></span> <span class='ocrx_word' id='word_1_128' title='bbox 873 2182 1054 2256; x_wconf 83' lang='lat' dir='ltr'><strong>videamus</strong></span> <span class='ocrx_word' id='word_1_129' title='bbox 1077 2201 1211 2280; x_wconf 71' lang='lat' dir='ltr'><strong>quanta</strong></span> <span class='ocrx_word' id='word_1_130' title='bbox 1235 2183 1305 2256; x_wconf 88' lang='lat' dir='ltr'><strong>sint</strong></span> 
     </span>
    </p>
   </div>
   <div class='ocr_carea' id='block_1_3' title="bbox 167 2277 1306 2376">
    <p class='ocr_par' dir='ltr' id='par_1_4' title="bbox 167 2277 1306 2376">
     <span class='ocr_line' id='line_1_20' title="bbox 167 2277 1306 2376; baseline 0.013 -32"><span class='ocrx_word' id='word_1_131' title='bbox 167 2338 171 2344; x_wconf 82' lang='grc'><strong>.</strong></span> <span class='ocrx_word' id='word_1_132' title='bbox 283 2305 367 2376; x_wconf 81' lang='lat' dir='ltr'><strong>quae</strong></span> <span class='ocrx_word' id='word_1_133' title='bbox 382 2305 404 2355; x_wconf 83' lang='lat' dir='ltr'><strong>a</strong></span> <span class='ocrx_word' id='word_1_134' title='bbox 418 2278 643 2376; x_wconf 83' lang='lat' dir='ltr'><strong>philosophia</strong></span> <span class='ocrx_word' id='word_1_135' title='bbox 658 2281 814 2356; x_wconf 83' lang='lat' dir='ltr'><strong>remedia</strong></span> <span class='ocrx_word' id='word_1_136' title='bbox 829 2277 961 2356; x_wconf 81' lang='lat' dir='ltr'><strong>morbis</strong></span> <span class='ocrx_word' id='word_1_137' title='bbox 977 2283 1176 2356; x_wconf 89' lang='lat' dir='ltr'><strong>animorum</strong></span> <span class='ocrx_word' id='word_1_138' title='bbox 1200 2279 1306 2358; x_wconf 87' lang='lat' dir='ltr'><strong>adhi-</strong></span> 
     </span>
    </p>
   </div>
   <div class='ocr_carea' id='block_1_4' title="bbox 281 2376 1304 2486">
    <p class='ocr_par' dir='ltr' id='par_1_5' title="bbox 281 2376 1304 2486">
     <span class='ocr_line' id='line_1_21' title="bbox 281 2376 1304 2486; baseline 0.002 -34"><span class='ocrx_word' id='word_1_139' title='bbox 281 2380 443 2465; x_wconf 81' lang='lat' dir='ltr'><strong>beantur.</strong></span> <span class='ocrx_word' id='word_1_140' title='bbox 494 2378 559 2455; x_wconf 76' lang='lat' dir='ltr'><strong>Est</strong></span> <span class='ocrx_word' id='word_1_141' title='bbox 582 2376 680 2452; x_wconf 87' lang='lat' dir='ltr'><strong>enim</strong></span> <span class='ocrx_word' id='word_1_142' title='bbox 703 2381 870 2486; x_wconf 84' lang='lat' dir='ltr'><strong>quaedam</strong></span> <span class='ocrx_word' id='word_1_143' title='bbox 885 2380 1063 2454; x_wconf 86' lang='lat' dir='ltr'><strong>medicina</strong></span> <span class='ocrx_word' id='word_1_144' title='bbox 1087 2395 1211 2469; x_wconf 67' lang='lat' dir='ltr'><strong>certe3</strong></span> <span class='ocrx_word' id='word_1_145' title='bbox 1236 2405 1304 2456; x_wconf 84' lang='lat' dir='ltr'><strong>nec</strong></span> 
     </span>
    </p>
   </div>
   <div class='ocr_carea' id='block_1_5' title="bbox 281 2625 1308 3268">
    <p class='ocr_par' dir='ltr' id='par_1_6' title="bbox 281 2625 1308 3268">
     <span class='ocr_line' id='line_1_22' title="bbox 282 2625 1308 2706; baseline 0.004 -24"><span class='ocrx_word' id='word_1_146' title='bbox 282 2625 411 2700; x_wconf 57' lang='lat' dir='ltr'><strong>Quidam</strong></span> <span class='ocrx_word' id='word_1_147' title='bbox 422 2626 525 2703; x_wconf 89' lang='lat' dir='ltr'><strong>inquit,</strong></span> <span class='ocrx_word' id='word_1_148' title='bbox 532 2627 571 2683; x_wconf 80' lang='lat' dir='ltr'><strong>ira</strong></span> <span class='ocrx_word' id='word_1_149' title='bbox 571 2626 726 2704; x_wconf 76' lang='lat' dir='ltr'><strong>sapicmiam</strong></span> <span class='ocrx_word' id='word_1_150' title='bbox 727 2625 768 2697; x_wconf 85' lang='lat' dir='ltr'><strong>fi·</strong></span> <span class='ocrx_word' id='word_1_151' title='bbox 818 2628 930 2686; x_wconf 76' lang='lat' dir='ltr'><strong>accidere</strong></span> <span class='ocrx_word' id='word_1_152' title='bbox 949 2630 981 2697; x_wconf 85' lang='lat' dir='ltr'><strong>ei,</strong></span> <span class='ocrx_word' id='word_1_153' title='bbox 1003 2631 1045 2687; x_wconf 79' lang='lat' dir='ltr'><strong>cui</strong></span> <span class='ocrx_word' id='word_1_154' title='bbox 1067 2627 1132 2687; x_wconf 84' lang='lat' dir='ltr'><strong>nibil</strong></span> <span class='ocrx_word' id='word_1_155' title='bbox 1151 2629 1215 2699; x_wconf 80' lang='lat' dir='ltr'><strong>talc,</strong></span> <span class='ocrx_word' id='word_1_156' title='bbox 1239 2629 1308 2706; x_wconf 83' lang='lat' dir='ltr'><strong>qaod</strong></span> 
     </span>
     <span class='ocr_line' id='line_1_23' title="bbox 283 2706 1304 2787; baseline 0.004 -25"><span class='ocrx_word' id='word_1_157' title='bbox 283 2707 404 2762; x_wconf 78' lang='lat' dir='ltr'><strong>nicrum.-</strong></span> <span class='ocrx_word' id='word_1_158' title='bbox 424 2706 566 2782; x_wconf 82' lang='lat' dir='ltr'><strong>Sapientia</strong></span> <span class='ocrx_word' id='word_1_159' title='bbox 578 2706 615 2763; x_wconf 84' lang='lat' dir='ltr'><strong>est</strong></span> <span class='ocrx_word' id='word_1_160' title='bbox 634 2706 707 2764; x_wconf 80' lang='lat' dir='ltr'><strong>nosse</strong></span> <span class='ocrx_word' id='word_1_161' title='bbox 724 2707 769 2764; x_wconf 90' lang='lat' dir='ltr'><strong>di·</strong></span> <span class='ocrx_word' id='word_1_162' title='bbox 817 2708 910 2766; x_wconf 85' lang='lat' dir='ltr'><strong>bomini</strong></span> <span class='ocrx_word' id='word_1_163' title='bbox 924 2711 1023 2766; x_wconf 69' lang='lat' dir='ltr'><strong>meniu</strong></span> <span class='ocrx_word' id='word_1_164' title='bbox 1037 2708 1140 2787; x_wconf 72' lang='lat' dir='ltr'><strong>pffr?</strong></span> <span class='ocrx_word' id='word_1_165' title='bbox 1173 2711 1203 2767; x_wconf 86' lang='lat' dir='ltr'><strong>Si</strong></span> <span class='ocrx_word' id='word_1_166' title='bbox 1219 2711 1304 2768; x_wconf 86' lang='lat' dir='ltr'><strong>aliam</strong></span> 
     </span>
     <span class='ocr_line' id='line_1_24' title="bbox 282 2785 1304 2858; baseline 0.004 -16"><span class='ocrx_word' id='word_1_167' title='bbox 282 2785 350 2843; x_wconf 84' lang='lat' dir='ltr'><strong>vina</strong></span> <span class='ocrx_word' id='word_1_168' title='bbox 367 2797 397 2845; x_wconf 83' lang='lat' dir='ltr'><strong>et</strong></span> <span class='ocrx_word' id='word_1_169' title='bbox 412 2787 535 2844; x_wconf 85' lang='lat' dir='ltr'><strong>humana</strong></span> <span class='ocrx_word' id='word_1_170' title='bbox 546 2795 573 2843; x_wconf 84' lang='lat' dir='ltr'><strong>et</strong></span> <span class='ocrx_word' id='word_1_171' title='bbox 588 2788 687 2844; x_wconf 87' lang='lat' dir='ltr'><strong>borum</strong></span> <span class='ocrx_word' id='word_1_172' title='bbox 702 2806 768 2844; x_wconf 87' lang='lat' dir='ltr'><strong>cau·</strong></span> <span class='ocrx_word' id='word_1_173' title='bbox 837 2809 923 2848; x_wconf 78' lang='lat' dir='ltr'><strong>urerer</strong></span> <span class='ocrx_word' id='word_1_174' title='bbox 936 2790 1156 2858; x_wconf 83' lang='lat' dir='ltr'><strong>hariolationcm,</strong></span> <span class='ocrx_word' id='word_1_175' title='bbox 1168 2789 1242 2850; x_wconf 79' lang='lat' dir='ltr'><strong>sorte</strong></span> <span class='ocrx_word' id='word_1_176' title='bbox 1263 2809 1304 2846; x_wconf 84' lang='lat' dir='ltr'><strong>re·</strong></span> 
     </span>
     <span class='ocr_line' id='line_1_25' title="bbox 282 2809 1305 2949; baseline 0.006 -25"><span class='ocrx_word' id='word_1_177' title='bbox 282 2867 336 2925; x_wconf 80' lang='lat' dir='ltr'><strong>sar.</strong></span> <span class='ocrx_word' id='word_1_178' title='bbox 378 2864 547 2944; x_wconf 77' lang='lat' dir='ltr'><strong>Supervacua</strong></span> <span class='ocrx_word' id='word_1_179' title='bbox 573 2864 635 2924; x_wconf 80' lang='lat' dir='ltr'><strong>mihi</strong></span> <span class='ocrx_word' id='word_1_180' title='bbox 664 2865 770 2927; x_wconf 75' lang='lat' dir='ltr'><strong>videtur</strong></span> <span class='ocrx_word' id='word_1_181' title='bbox 817 2809 896 2926; x_wconf 65' lang='lat' dir='ltr'><strong>deribi</strong></span> <span class='ocrx_word' id='word_1_182' title='bbox 910 2881 1010 2948; x_wconf 81' lang='lat' dir='ltr'><strong>queat3</strong></span> <span class='ocrx_word' id='word_1_183' title='bbox 1025 2867 1305 2949; x_wconf 64' lang='lat' dir='ltr'><strong>Auimpmymlt·</strong></span> 
     </span>
     <span class='ocr_line' id='line_1_26' title="bbox 281 2945 1302 3028; baseline 0.002 -24"><span class='ocrx_word' id='word_1_184' title='bbox 281 2945 338 3004; x_wconf 79' lang='lat' dir='ltr'><strong>baec</strong></span> <span class='ocrx_word' id='word_1_185' title='bbox 350 2945 464 3020; x_wconf 48' lang='lat' dir='ltr'><strong>amessia,</strong></span> <span class='ocrx_word' id='word_1_186' title='bbox 476 2945 537 3025; x_wconf 84' lang='lat' dir='ltr'><strong>quia</strong></span> <span class='ocrx_word' id='word_1_187' title='bbox 557 2947 650 3023; x_wconf 75' lang='lat' dir='ltr'><strong>cmrsae,</strong></span> <span class='ocrx_word' id='word_1_188' title='bbox 667 2945 768 3004; x_wconf 82' lang='lat' dir='ltr'><strong>divino·</strong></span> <span class='ocrx_word' id='word_1_189' title='bbox 816 2949 879 3028; x_wconf 86' lang='lat' dir='ltr'><strong>quid</strong></span> <span class='ocrx_word' id='word_1_190' title='bbox 895 2964 941 3008; x_wconf 82' lang='lat' dir='ltr'><strong>aut</strong></span> <span class='ocrx_word' id='word_1_191' title='bbox 954 2951 1134 3028; x_wconf 77' lang='lat' dir='ltr'><strong>repentinum?</strong></span> <span class='ocrx_word' id='word_1_192' title='bbox 1156 2948 1246 3028; x_wconf 82' lang='lat' dir='ltr'><strong>quiid</strong></span> <span class='ocrx_word' id='word_1_193' title='bbox 1258 2965 1302 3028; x_wconf 77' lang='lat' dir='ltr'><strong>po-</strong></span> 
     </span>
     <span class='ocr_line' id='line_1_27' title="bbox 282 3025 1304 3104; baseline 0.004 -21"><span class='ocrx_word' id='word_1_194' title='bbox 282 3045 340 3083; x_wconf 83' lang='lat' dir='ltr'><strong>rum</strong></span> <span class='ocrx_word' id='word_1_195' title='bbox 363 3025 573 3104; x_wconf 77' lang='lat' dir='ltr'><strong>humanorumque</strong></span> <span class='ocrx_word' id='word_1_196' title='bbox 590 3038 679 3104; x_wconf 77' lang='lat' dir='ltr'><strong>parus</strong></span> <span class='ocrx_word' id='word_1_197' title='bbox 694 3025 768 3104; x_wconf 78' lang='lat' dir='ltr'><strong>sunt.</strong></span> <span class='ocrx_word' id='word_1_198' title='bbox 817 3031 862 3104; x_wconf 81' lang='lat' dir='ltr'><strong>rest</strong></span> <span class='ocrx_word' id='word_1_199' title='bbox 884 3027 1021 3086; x_wconf 65' lang='lat' dir='ltr'><strong>accideret</strong></span> <span class='ocrx_word' id='word_1_200' title='bbox 1058 3029 1121 3086; x_wconf 78' lang='lat' dir='ltr'><strong>Tale</strong></span> <span class='ocrx_word' id='word_1_201' title='bbox 1142 3031 1175 3104; x_wconf 80' lang='lat' dir='ltr'><strong>est</strong></span> <span class='ocrx_word' id='word_1_202' title='bbox 1198 3030 1222 3086; x_wconf 85' lang='lat' dir='ltr'><strong>ei</strong></span> <span class='ocrx_word' id='word_1_203' title='bbox 1248 3028 1304 3104; x_wconf 78' lang='lat' dir='ltr'><strong>(rel</strong></span> 
     </span>
     <span class='ocr_line' id='line_1_28' title="bbox 281 3101 1304 3189; baseline 0.005 -27"><span class='ocrx_word' id='word_1_204' title='bbox 281 3105 321 3162; x_wconf 82' lang='lat' dir='ltr'><strong>Et</strong></span> <span class='ocrx_word' id='word_1_205' title='bbox 331 3101 429 3182; x_wconf 74' lang='grc' dir='ltr'><strong><em>σοφίαν</em></strong></span> <span class='ocrx_word' id='word_1_206' title='bbox 438 3106 551 3180; x_wconf 81' lang='lat' dir='ltr'><strong>quidem</strong></span> <span class='ocrx_word' id='word_1_207' title='bbox 560 3101 696 3186; x_wconf 59' lang='lat' dir='ltr'><strong>iris-spru</strong></span> <span class='ocrx_word' id='word_1_208' title='bbox 710 3102 768 3165; x_wconf 68' lang='lat' dir='ltr'><strong>hri·</strong></span> <span class='ocrx_word' id='word_1_209' title='bbox 816 3107 886 3180; x_wconf 78' lang='lat' dir='ltr'><strong>huic)</strong></span> <span class='ocrx_word' id='word_1_210' title='bbox 908 3108 975 3167; x_wconf 79' lang='lat' dir='ltr'><strong>nibil</strong></span> <span class='ocrx_word' id='word_1_211' title='bbox 997 3107 1065 3189; x_wconf 80' lang='lat' dir='ltr'><strong>quod</strong></span> <span class='ocrx_word' id='word_1_212' title='bbox 1085 3108 1177 3168; x_wconf 66' lang='lat' dir='ltr'><strong>baini</strong></span> <span class='ocrx_word' id='word_1_213' title='bbox 1202 3109 1304 3169; x_wconf 74' lang='lat' dir='ltr'><strong>ornain</strong></span> 
     </span>
     <span class='ocr_line' id='line_1_29' title="bbox 282 3179 893 3268; baseline 0.01 -26"><span class='ocrx_word' id='word_1_214' title='bbox 282 3205 320 3242; x_wconf 81' lang='grc' dir='ltr'><strong>ων</strong></span> <span class='ocrx_word' id='word_1_215' title='bbox 338 3201 369 3240; x_wconf 79' lang='lat' dir='ltr'><strong>rr</strong></span> <span class='ocrx_word' id='word_1_216' title='bbox 391 3179 416 3264; x_wconf 70' lang='lat' dir='ltr'><strong>ri,</strong></span> <span class='ocrx_word' id='word_1_217' title='bbox 436 3181 612 3263; x_wconf 68' lang='grc' dir='ltr'><strong>ἀνθρωπίνων</strong></span> <span class='ocrx_word' id='word_1_218' title='bbox 632 3185 769 3266; x_wconf 74' lang='grc' dir='ltr'><strong>πραγμνί·</strong></span> <span class='ocrx_word' id='word_1_219' title='bbox 810 3187 893 3268; x_wconf 71' lang='lat' dir='ltr'><strong>possit.</strong></span> 
     </span>
    </p>
   </div>
   <div class='ocr_carea' id='block_1_6' title="bbox 166 3262 1303 3348">
    <p class='ocr_par' dir='ltr' id='par_1_7' title="bbox 166 3262 1303 3348">
     <span class='ocr_line' id='line_1_30' title="bbox 166 3262 1303 3348; baseline 0.007 -29"><span class='ocrx_word' id='word_1_220' title='bbox 166 3327 172 3335; x_wconf 41' lang='grc'>,</span> <span class='ocrx_word' id='word_1_221' title='bbox 281 3264 401 3322; x_wconf 81' lang='lat' dir='ltr'><strong>rwrtine</strong></span> <span class='ocrx_word' id='word_1_222' title='bbox 412 3262 621 3339; x_wconf 76' lang='lat' dir='ltr'><strong>illaadjedlione</strong></span> <span class='ocrx_word' id='word_1_223' title='bbox 629 3264 768 3324; x_wconf 85' lang='lat' dir='ltr'><strong>definiunt</strong></span> <span class='ocrx_word' id='word_1_224' title='bbox 858 3267 871 3305; x_wconf 64' lang='lat' dir='ltr'>k</span> <span class='ocrx_word' id='word_1_225' title='bbox 888 3267 923 3326; x_wconf 79' lang='lat' dir='ltr'><strong>Tc</strong></span> <span class='ocrx_word' id='word_1_226' title='bbox 935 3269 991 3344; x_wconf 77' lang='lat' dir='ltr'><strong>nis]</strong></span> <span class='ocrx_word' id='word_1_227' title='bbox 1008 3269 1088 3330; x_wconf 81' lang='lat' dir='ltr'><strong>Quid</strong></span> <span class='ocrx_word' id='word_1_228' title='bbox 1102 3271 1173 3331; x_wconf 85' lang='lat' dir='ltr'><strong>Ant.</strong></span> <span class='ocrx_word' id='word_1_229' title='bbox 1186 3268 1303 3348; x_wconf 77' lang='lat' dir='ltr'><strong>Augus·</strong></span> 
     </span>
    </p>
   </div>
   <div class='ocr_carea' id='block_1_7' title="bbox 280 3343 1303 4154">
    <p class='ocr_par' dir='ltr' id='par_1_8' title="bbox 283 3343 1303 3422">
     <span class='ocr_line' id='line_1_31' title="bbox 283 3343 1303 3422; baseline 0.005 -20"><span class='ocrx_word' id='word_1_230' title='bbox 283 3343 497 3422; x_wconf 84' lang='lat' dir='ltr'><strong>quamplurimi.</strong></span> <span class='ocrx_word' id='word_1_231' title='bbox 816 3348 908 3408; x_wconf 88' lang='lat' dir='ltr'><strong>tinum</strong></span> <span class='ocrx_word' id='word_1_232' title='bbox 933 3350 1059 3418; x_wconf 80' lang='lat' dir='ltr'><strong>moverit,</strong></span> <span class='ocrx_word' id='word_1_233' title='bbox 1081 3361 1114 3408; x_wconf 88' lang='lat' dir='ltr'><strong>ut</strong></span> <span class='ocrx_word' id='word_1_234' title='bbox 1137 3351 1198 3408; x_wconf 78' lang='lat' dir='ltr'><strong>haec</strong></span> <span class='ocrx_word' id='word_1_235' title='bbox 1220 3352 1303 3408; x_wconf 81' lang='lat' dir='ltr'><strong>rerba</strong></span> 
     </span>
    </p>

    <p class='ocr_par' dir='ltr' id='par_1_9' title="bbox 280 3419 1303 3819">
     <span class='ocr_line' id='line_1_32' title="bbox 322 3419 1302 3503; baseline 0.008 -23"><span class='ocrx_word' id='word_1_236' title='bbox 322 3419 392 3480; x_wconf 64' lang='lat' dir='ltr'><strong>nl„</strong></span> <span class='ocrx_word' id='word_1_237' title='bbox 409 3425 632 3502; x_wconf 80' lang='lat' dir='ltr'><strong>hunctuigr&#39;tur]</strong></span> <span class='ocrx_word' id='word_1_238' title='bbox 653 3423 768 3503; x_wconf 86' lang='lat' dir='ltr'><strong>Sapien·</strong></span> <span class='ocrx_word' id='word_1_239' title='bbox 815 3427 947 3487; x_wconf 84' lang='lat' dir='ltr'><strong>censuerit</strong></span> <span class='ocrx_word' id='word_1_240' title='bbox 973 3428 1023 3490; x_wconf 75' lang='lat' dir='ltr'><strong>csse</strong></span> <span class='ocrx_word' id='word_1_241' title='bbox 1048 3430 1170 3496; x_wconf 81' lang='lat' dir='ltr'><strong>delenda,</strong></span> <span class='ocrx_word' id='word_1_242' title='bbox 1202 3429 1302 3488; x_wconf 83' lang='lat' dir='ltr'><strong>nescio.</strong></span> 
     </span>
     <span class='ocr_line' id='line_1_33' title="bbox 282 3498 1303 3586; baseline 0.006 -26"><span class='ocrx_word' id='word_1_243' title='bbox 282 3511 340 3565; x_wconf 86' lang='lat' dir='ltr'><strong>tem</strong></span> <span class='ocrx_word' id='word_1_244' title='bbox 350 3498 431 3563; x_wconf 82' lang='lat' dir='ltr'><strong>dicit.</strong></span> <span class='ocrx_word' id='word_1_245' title='bbox 452 3505 682 3582; x_wconf 68' lang='lat' dir='ltr'><strong>Vulgodnbanc.</strong></span> <span class='ocrx_word' id='word_1_246' title='bbox 704 3505 768 3564; x_wconf 80' lang='lat' dir='ltr'><strong>Noa</strong></span> <span class='ocrx_word' id='word_1_247' title='bbox 817 3510 889 3567; x_wconf 82' lang='lat' dir='ltr'><strong>Rem</strong></span> <span class='ocrx_word' id='word_1_248' title='bbox 907 3529 969 3567; x_wconf 87' lang='lat' dir='ltr'><strong>vero</strong></span> <span class='ocrx_word' id='word_1_249' title='bbox 989 3511 1099 3568; x_wconf 78' lang='lat' dir='ltr'><strong>sinistris</strong></span> <span class='ocrx_word' id='word_1_250' title='bbox 1117 3509 1252 3586; x_wconf 81' lang='lat' dir='ltr'><strong>auspiciis</strong></span> <span class='ocrx_word' id='word_1_251' title='bbox 1270 3511 1303 3568; x_wconf 85' lang='lat' dir='ltr'><strong>ab</strong></span> 
     </span>
     <span class='ocr_line' id='line_1_34' title="bbox 281 3582 1302 3668; baseline 0.002 -24"><span class='ocrx_word' id='word_1_252' title='bbox 281 3582 453 3652; x_wconf 64' lang='lat' dir='ltr'><strong>Asarinum,</strong></span> <span class='ocrx_word' id='word_1_253' title='bbox 480 3583 636 3653; x_wconf 77' lang='lat' dir='ltr'><strong>Erasmum,</strong></span> <span class='ocrx_word' id='word_1_254' title='bbox 661 3586 768 3644; x_wconf 89' lang='lat' dir='ltr'><strong>Manu·</strong></span> <span class='ocrx_word' id='word_1_255' title='bbox 815 3607 849 3646; x_wconf 84' lang='lat' dir='ltr'><strong>eo</strong></span> <span class='ocrx_word' id='word_1_256' title='bbox 881 3589 983 3666; x_wconf 82' lang='lat' dir='ltr'><strong>gellam</strong></span> <span class='ocrx_word' id='word_1_257' title='bbox 1010 3591 1094 3668; x_wconf 85' lang='lat' dir='ltr'><strong>probe</strong></span> <span class='ocrx_word' id='word_1_258' title='bbox 1119 3589 1195 3649; x_wconf 84' lang='lat' dir='ltr'><strong>nori.</strong></span> <span class='ocrx_word' id='word_1_259' title='bbox 1241 3590 1302 3649; x_wconf 79' lang='lat' dir='ltr'><strong>Nih</strong></span> 
     </span>
     <span class='ocr_line' id='line_1_35' title="bbox 280 3663 1303 3746; baseline 0.007 -24"><span class='ocrx_word' id='word_1_260' title='bbox 280 3663 365 3732; x_wconf 85' lang='lat' dir='ltr'><strong>tium,</strong></span> <span class='ocrx_word' id='word_1_261' title='bbox 384 3663 567 3732; x_wconf 86' lang='lat' dir='ltr'><strong>Lambinnm‚</strong></span> <span class='ocrx_word' id='word_1_262' title='bbox 586 3665 708 3744; x_wconf 82' lang='lat' dir='ltr'><strong>aliosque</strong></span> <span class='ocrx_word' id='word_1_263' title='bbox 727 3665 768 3725; x_wconf 85' lang='lat' dir='ltr'><strong>se·</strong></span> <span class='ocrx_word' id='word_1_264' title='bbox 815 3669 890 3730; x_wconf 82' lang='lat' dir='ltr'><strong>enim</strong></span> <span class='ocrx_word' id='word_1_265' title='bbox 901 3667 1095 3728; x_wconf 76' lang='lat' dir='ltr'><strong>adolescentem</strong></span> <span class='ocrx_word' id='word_1_266' title='bbox 1108 3673 1180 3728; x_wconf 88' lang='lat' dir='ltr'><strong>hunc</strong></span> <span class='ocrx_word' id='word_1_267' title='bbox 1193 3681 1303 3746; x_wconf 71' lang='lat' dir='ltr'><strong>perror-</strong></span> 
     </span>
     <span class='ocr_line' id='line_1_36' title="bbox 282 3744 1302 3819; baseline 0.006 -17"><span class='ocrx_word' id='word_1_268' title='bbox 282 3744 407 3819; x_wconf 83' lang='lat' dir='ltr'><strong>quimur.</strong></span> <span class='ocrx_word' id='word_1_269' title='bbox 815 3749 972 3808; x_wconf 84' lang='lat' dir='ltr'><strong>bationibus</strong></span> <span class='ocrx_word' id='word_1_270' title='bbox 991 3749 1101 3810; x_wconf 75' lang='lat' dir='ltr'><strong>libenti</strong></span> <span class='ocrx_word' id='word_1_271' title='bbox 1115 3750 1182 3808; x_wconf 84' lang='lat' dir='ltr'><strong>velle</strong></span> <span class='ocrx_word' id='word_1_272' title='bbox 1201 3750 1302 3808; x_wconf 55' lang='lat' dir='ltr'><strong>statum</strong></span> 
     </span>
    </p>

    <p class='ocr_par' dir='ltr' id='par_1_10' title="bbox 281 3821 1302 4154">
     <span class='ocr_line' id='line_1_37' title="bbox 323 3821 1302 3908; baseline 0.007 -27"><span class='ocrx_word' id='word_1_273' title='bbox 323 3821 400 3882; x_wconf 67' lang='lat' dir='ltr'><strong>‘An</strong></span> <span class='ocrx_word' id='word_1_274' title='bbox 419 3821 580 3903; x_wconf 63' lang='lat' dir='ltr'><strong>inprovisum</strong></span> <span class='ocrx_word' id='word_1_275' title='bbox 599 3823 700 3905; x_wconf 76' lang='lat' dir='ltr'><strong>aliquid</strong></span> <span class='ocrx_word' id='word_1_276' title='bbox 718 3836 767 3884; x_wconf 80' lang='lat' dir='ltr'><strong>out</strong></span> <span class='ocrx_word' id='word_1_277' title='bbox 815 3837 859 3886; x_wconf 88' lang='lat' dir='ltr'><strong>rat</strong></span> <span class='ocrx_word' id='word_1_278' title='bbox 885 3830 1018 3902; x_wconf 59' lang='lat' dir='ltr'><strong>Tullium</strong></span> <span class='ocrx_word' id='word_1_279' title='bbox 1052 3831 1163 3890; x_wconf 86' lang='lat' dir='ltr'><strong>inanem</strong></span> <span class='ocrx_word' id='word_1_280' title='bbox 1192 3829 1302 3908; x_wconf 74' lang='lat' dir='ltr'><strong>prorsus</strong></span> 
     </span>
     <span class='ocr_line' id='line_1_38' title="bbox 281 3904 1302 3989; baseline 0.007 -29"><span class='ocrx_word' id='word_1_281' title='bbox 281 3905 463 3979; x_wconf 58' lang='lat' dir='ltr'><strong>rapturum?</strong></span> <span class='ocrx_word' id='word_1_282' title='bbox 503 3904 583 3978; x_wconf 58' lang='lat' dir='ltr'><strong>Quid</strong></span> <span class='ocrx_word' id='word_1_283' title='bbox 603 3905 669 3980; x_wconf 69' lang='lat' dir='ltr'><strong>iro]</strong></span> <span class='ocrx_word' id='word_1_284' title='bbox 694 3907 767 3966; x_wconf 68' lang='lat' dir='ltr'><strong>Hanc</strong></span> <span class='ocrx_word' id='word_1_285' title='bbox 814 3927 926 3986; x_wconf 84' lang='lat' dir='ltr'><strong>operam</strong></span> <span class='ocrx_word' id='word_1_286' title='bbox 942 3911 1122 3989; x_wconf 72' lang='lat' dir='ltr'><strong>explicandis,</strong></span> <span class='ocrx_word' id='word_1_287' title='bbox 1136 3929 1205 3988; x_wconf 83' lang='lat' dir='ltr'><strong>quas</strong></span> <span class='ocrx_word' id='word_1_288' title='bbox 1223 3909 1302 3970; x_wconf 81' lang='lat' dir='ltr'><strong>adhi-</strong></span> 
     </span>
     <span class='ocr_line' id='line_1_39' title="bbox 282 3985 1300 4072; baseline 0.012 -34"><span class='ocrx_word' id='word_1_289' title='bbox 282 3992 355 4038; x_wconf 83' lang='lat' dir='ltr'><strong>certe</strong></span> <span class='ocrx_word' id='word_1_290' title='bbox 369 3985 470 4042; x_wconf 83' lang='lat' dir='ltr'><strong>molam</strong></span> <span class='ocrx_word' id='word_1_291' title='bbox 484 4004 598 4044; x_wconf 87' lang='lat' dir='ltr'><strong>manum</strong></span> <span class='ocrx_word' id='word_1_292' title='bbox 610 3985 767 4063; x_wconf 81' lang='lat' dir='ltr'><strong>passasuot.</strong></span> <span class='ocrx_word' id='word_1_293' title='bbox 814 3991 860 4047; x_wconf 83' lang='lat' dir='ltr'><strong>bet</strong></span> <span class='ocrx_word' id='word_1_294' title='bbox 881 3990 1064 4072; x_wconf 83' lang='lat' dir='ltr'><strong>philosophia,</strong></span> <span class='ocrx_word' id='word_1_295' title='bbox 1080 3989 1229 4052; x_wconf 72' lang='lat' dir='ltr'><strong>medicinis</strong></span> <span class='ocrx_word' id='word_1_296' title='bbox 1247 3990 1300 4050; x_wconf 86' lang='lat' dir='ltr'><strong>im·</strong></span> 
     </span>
     <span class='ocr_line' id='line_1_40' title="bbox 282 4057 955 4154; baseline 0.022 -35"><span class='ocrx_word' id='word_1_297' title='bbox 282 4057 329 4114; x_wconf 81' lang='lat' dir='ltr'><strong>Cl·</strong></span> <span class='ocrx_word' id='word_1_298' title='bbox 341 4061 479 4122; x_wconf 78' lang='lat' dir='ltr'><strong>Bentlciru</strong></span> <span class='ocrx_word' id='word_1_299' title='bbox 489 4065 606 4141; x_wconf 87' lang='lat' dir='ltr'><strong>reponit,</strong></span> <span class='ocrx_word' id='word_1_300' title='bbox 619 4068 665 4124; x_wconf 80' lang='lat' dir='ltr'><strong>An</strong></span> <span class='ocrx_word' id='word_1_301' title='bbox 675 4066 767 4146; x_wconf 82' lang='lat' dir='ltr'><strong>impro-</strong></span> <span class='ocrx_word' id='word_1_302' title='bbox 813 4071 955 4154; x_wconf 80' lang='lat' dir='ltr'><strong>penderet.</strong></span> 
     </span>
    </p>
   </div>
   <div class='ocr_carea' id='block_1_8' title="bbox 281 4136 769 4229">
    <p class='ocr_par' dir='ltr' id='par_1_11' title="bbox 281 4136 769 4229">
     <span class='ocr_line' id='line_1_41' title="bbox 281 4136 769 4229; baseline 0.016 -32"><span class='ocrx_word' id='word_1_303' title='bbox 281 4136 365 4220; x_wconf 65' lang='lat' dir='ltr'><strong>pyum</strong></span> <span class='ocrx_word' id='word_1_304' title='bbox 381 4156 429 4202; x_wconf 80' lang='lat' dir='ltr'><strong>aur</strong></span> <span class='ocrx_word' id='word_1_305' title='bbox 441 4145 597 4224; x_wconf 66' lang='lat' dir='ltr'><strong>reponimur</strong></span> <span class='ocrx_word' id='word_1_306' title='bbox 613 4143 678 4228; x_wconf 78' lang='lat' dir='ltr'><strong>qnid</strong></span> <span class='ocrx_word' id='word_1_307' title='bbox 688 4147 769 4229; x_wconf 71' lang='lat' dir='ltr'><strong>potest</strong></span> 
     </span>
    </p>
   </div>
   <div class='ocr_carea' id='block_1_9' title="bbox 0 0 1414 4859">
    <p class='ocr_par' dir='ltr' id='par_1_12' title="bbox 0 0 1414 4859">
     <span class='ocr_line' id='line_1_42' title="bbox 0 0 1414 4859; baseline 0 1"><span class='ocrx_word' id='word_1_308' title='bbox 0 0 1414 4859; x_wconf 95' lang='lat' dir='ltr'><strong> </strong></span> 
     </span>
    </p>
   </div>
  </div>
 </body>
</html>
