2817 4859
277 368 335 435 ιφ
488 322 684 419 suscur..
707 310 1092 423 susurratouunr

317 514 401 598 Ego,
413 532 488 575 curn
500 509 613 596 genui,
626 524 698 578 tum
710 506 923 585 *morituram
937 506 1024 587 sciui,
1032 506 1111 575 etei
1124 506 1171 573 rei
1184 506 1319 586 sustuli..

318 599 471 694 Praeterea
491 594 681 682 adl'rojam
701 616 778 664 cum
802 593 867 659 misr
891 593 935 659 ob
956 592 1190 662 defendendam
1206 592 1306 663 (ἴτε-

315 782 330 811 ⁸
343 703 544 833 Scilissdn'me
565 764 598 829 in
616 762 815 829 mortiferum
829 760 960 843 bellum,
974 785 1039 829 non
1053 761 1086 827 in
1101 760 1210 849 epulas
1219 744 1310 830 'rait-

401 866 480 915 lere.

323 968 428 1043 XIV.
453 967 546 1040 Haec
563 964 675 1063 igitur
697 962 955 1062 praerneditatio
970 963 1170 1055 futurorum
1187 964 1310 1053 malo,-

275 1092 357 1141 rum
384 1064 473 1139 lenit
498 1088 622 1137 eorum
647 1065 854 1149 adventum,
884 1086 966 1159 quae
989 1058 1166 1137 venientia
1192 1062 1309 1160 longe

274 1186 355 1239 ante
374 1161 514 1237 videris.
553 1162 676 1260 Itaque
694 1164 789 1271 apud
805 1158 1014 1258 Euripidem
1030 1187 1050 1233 a
1066 1160 1207 1235 Theseo
1224 1160 1308 1244 die-

274 1282 313 1337 ta
327 1266 536 1337 laudantur:
563 1260 649 1336 licet
668 1285 776 1349 erum,
795 1280 835 1333 ut
858 1261 948 1359 saepe
966 1258 1127 1349 facimus,
1144 1256 1183 1333 in
1201 1256 1308 1353 Lat17

274 1388 364 1435 num
379 1360 440 1435 illa
457 1378 662 1433 convertere
678 1388 688 1431 ι

316 1505 333 1547 Β
343 1510 431 1575 Nam
442 1506 499 1595 qui
511 1506 581 1571 haec
591 1502 701 1571 audita
713 1526 733 1569 a
743 1502 840 1569 dodo
853 1502 1059 1569 meminissem
1072 1502 1151 1585 viro,

315 1746 329 1783 ‘
355 1746 528 1805 Moriturutn
542 1742 629 1822 scivi]
656 1742 763 1821 Vulgo,
804 1741 871 1817 joris
884 1758 908 1801 et
923 1741 1069 1821 prudentia
1087 1752 1112 1799 et
1131 1742 1222 1813 animi,
1237 1742 1307 1802 huic

276 1828 432 1887 morituros:
460 1846 512 1903 ego
532 1845 596 1883 vero
615 1823 763 1881 ledlionem
812 1822 850 1879 rei
866 1822 969 1881 sustuli.
1010 1822 1166 1889 Caeeusest,
1182 1824 1307 1901 quinon

277 1928 363 1985 qoam
388 1907 564 1983 suppeditant
588 1906 646 1964 Pal.
670 1904 764 1981 quint.
812 1904 888 1961 ridet
910 1906 985 1961 hunc
1005 1904 1113 1961 versum
1134 1902 1308 1983 philosopho

275 1988 355 2059 Med.
381 1988 491 2046 Balliol.
518 1984 587 2043 Balr.
611 1999 639 2043 et
662 1996 764 2043 veteres
813 1984 977 2041 intuentem
992 1984 1089 2051 fuisse,
1112 1984 1308 2061 memoriaque

227 2118 231 2123 .
276 2068 356 2125 editt.
372 2066 557 2143 recipiendam
572 2065 681 2135 censui,
703 2085 765 2132 nec,
812 2064 892 2141 Jusso
906 2064 1000 2142 Lipsto
1018 2061 1108 2123 Tullii
1129 2064 1223 2123 locum
1241 2084 1306 2131 non

274 2146 326 2205 nist
334 2146 426 2211 fallor,
434 2147 583 2203 immerito.
601 2144 678 2203 Nam
689 2146 765 2221 quod
814 2144 1009 2221 suppeditavit,
1017 2164 1082 2203 cum
1090 2144 1306 2223 dellenophonss

277 2238 355 2303 patet
366 2246 400 2284 ex
414 2223 525 2301 hujusce
537 2224 601 2283 libri
614 2245 677 2302 cap.
687 2226 765 2283 xxiv.
814 2236 841 2281 te
857 2226 899 2282 rel
912 2229 1081 2301 Anaxagora
1100 2224 1224 2283 {latuerit
1245 2226 1304 2303 agi.

277 2308 337 2365 haec
350 2307 476 2384 loquitur
487 2304 613 2375 Telamo,
627 2307 677 2383 qui
694 2306 765 2364 duos
815 2304 920 2383 Lapsus
938 2304 1023 2361 etiam
1047 2303 1084 2361 est
1108 2304 1179 2383 AEg.
1199 2306 1306 2363 Mena·

275 2388 390 2464 quidem
411 2387 493 2455 filios,
513 2384 630 2463 Ajacem
650 2399 677 2445 et
689 2386 766 2445 Teu·
814 2386 887 2461 gius,
900 2384 949 2461 qui
964 2385 1068 2461 pariter
1079 2384 1139 2442 haec
1152 2384 1187 2441 de
1205 2384 1306 2443 Xeno-

275 2488 367 2537 erunr,
381 2468 463 2535 misit,
477 2481 510 2525 ut
522 2467 594 2523 bello
610 2464 765 2524 interessent
813 2466 916 2541 phonte
944 2464 1018 2523 dicla
1038 2474 1119 2543 putat
1140 2466 1176 2522 ad
1197 2466 1306 2524 Laertii

182 2542 185 2549 ¹
275 2546 410 2620 Trojano.
431 2547 506 2622 Ajax
516 2550 552 2603 ob
561 2547 765 2603 Achillisarma
813 2546 844 2603 ii.
859 2560 905 2623 55.
921 2546 964 2603 ed.
979 2546 1068 2603 Amst.

277 2627 326 2683 sibi
340 2639 440 2703 negata
454 2628 550 2702 gladio
564 2622 590 2683 se
603 2624 763 2699 conjecit,
853 2608 984 2682 'Scibam
993 2622 1245 2699 minmortijeram]
1259 2624 1306 2682 Sic

276 2706 395 2763 alterum
409 2726 473 2763 veto
493 2705 602 2762 exulare
617 2702 694 2779 jussit
715 2725 765 2781 pa·
812 2704 921 2763 Ennius
933 2706 1009 2783 apud
1023 2704 1129 2763 Festum
1145 2706 1173 2761 in
1188 2700 1303 2783 ohsdr'o:

277 2794 328 2852 ter,
341 2786 409 2861 quia
423 2784 517 2843 sratris
537 2797 666 2853 mortem,
681 2784 764 2861 Ulys·
852 2784 947 2843 Scibas
968 2799 1056 2845 natum
1076 2788 1212 2861 ingenuam
1233 2786 1307 2859 Aja-

275 2864 320 2923 sea
334 2864 457 2924 versutia*
470 2875 678 2942 praematuram,
693 2864 764 2923 serro
890 2864 1003 2934 commi
1015 2880 1043 2922 ru
1056 2864 1201 2943 alfidiarum
1209 2882 1304 2944 paras.

275 2965 333 3002 non
353 2947 510 3003 vindicarit.
550 2936 621 3003 Haec
640 2957 763 3002 veterum
812 2945 899 3023 Apud
910 2944 1239 3013 Plautum,Terentium,
1252 2946 1305 3005 ali-

276 3025 441 3083 testimoniis
464 3046 520 3083 non
542 3025 639 3093 sulcio,
659 3027 764 3163 quippe
812 3026 903 3102 osque,
931 3026 1021 3092 multa
1047 3024 1111 3083 sunt
1135 3024 1306 3099 hujusmodi*

276 3125 342 3180 quaa
355 3106 570 3186 lllythologisot
590 3106 679 3163 Poetis
713 3118 764 3163 unt
812 3107 913 3181 quibus
925 3106 1102 3181 congerendis
1118 3125 1173 3163 non
1195 3105 1302 3163 immo·

276 3185 513 3255 decantatillrma5
559 3186 636 3259 (vide
680 3188 763 3243 modo
811 3188 900 3243 rabor.
942 3187 1016 3243 Vide
1040 3186 1208 3257 charisium,
1232 3186 1303 3246 lust.

275 3264 443 3322 Scholiatlen
460 3266 494 3321 atl
512 3264 640 3343 AEschyli
661 3264 762 3335 Persas,
811 3264 907 3324 Grani.
935 3264 985 3325 lib.
1005 3266 1034 3338 ii,
1062 3266 1114 3323 col.
1139 3278 1204 3343 157.
1249 3266 1304 3325 Fa-

275 3344 315 3402 us.
337 3344 420 3421 896.)
441 3365 475 3401 ex
496 3346 538 3402 his
557 3359 649 3402 tamen
673 3346 762 3421 liquet
811 3348 925 3405 tendum
940 3358 1032 3405 tamen
1045 3348 1074 3403 in
1088 3346 1169 3405 MSS.
1182 3344 1229 3403 hic
1245 3346 1302 3423 legi

217 3457 219 3460 ·
277 3426 351 3483 lraud
374 3424 433 3491 etse,
454 3445 504 3482 cur
527 3425 561 3482 <le
583 3426 656 3483 binis
678 3428 761 3493 natis,
801 3426 915 3503 sciebam
930 3428 1006 3484 mein
1027 3425 1181 3499 mortfirum
1195 3423 1303 3496 bellum,

275 3518 410 3581 tauquam
425 3506 483 3564 sato
496 3504 610 3573 sunslis,
622 3508 704 3563 verba
719 3504 760 3563 sa·
810 3506 974 3583 molesteque
995 3505 1047 3565 sert
1066 3504 1240 3571 Gebhardus,
1264 3507 1302 3565 D.

274 3587 467 3666 ciatTelamo.
492 3583 761 3663 Ejusetiam‚quarrr
809 3586 980 3645 Lambinum
1013 3585 1124 3663 scriptis.
1156 3584 1302 3645 codicibus

275 3684 431 3744 propugno,
465 3664 605 3741 scripturae
638 3666 760 3745 locuples
811 3686 867 3725 non
881 3666 1024 3745 paruisse·
1044 3667 1073 3723 Si
1087 3665 1225 3724 redivivus
1240 3666 1301 3727 fac·

276 3750 376 3805 vindex
390 3746 426 3803 est
442 3746 550 3812 Seneca,
565 3747 650 3804 Cous.
661 3748 694 3803 ad
712 3748 762 3805 Po·
810 3759 855 3803 tus
870 3747 992 3823 querelas
1013 3744 1072 3803 suas
1091 3757 1233 3823 repeteret,
1255 3766 1301 3805 eas

275 3828 332 3903 lyb.
346 3846 409 3903 cap.
423 3848 492 3885 xxx.
531 3826 643 3903 Quanto,
658 3826 760 3903 inquit,
810 3824 871 3883 saue
895 3826 972 3883 flocci
996 3846 1052 3883 nort
1074 3824 1209 3897 facerem
1230 3845 1299 3897 cum

274 3906 412 3983 illcjustier
423 3904 666 3986 praenuntium&
676 3922 760 3974 morte,
810 3908 893 3984 probe
910 3908 1012 3975 norim,
1026 3906 1147 3965 metium
1159 3908 1300 3965 Trochai·

274 3986 381 4061 dignam
393 4006 485 4064 magno
497 3988 554 4044 viro
565 4006 650 4044 vocem
662 3986 760 4065 empsr:
809 4006 884 4053 cum,
906 3986 996 4063 quam'
1016 3990 1175 4063 propugnat
1198 3986 1300 4045 lestin-

275 4066 337 4139 Ego
353 4086 418 4124 cum
431 4068 526 4142 genui,
539 4079 600 4123 tum
616 4062 761 4126 rmriturum
810 4085 874 4125 nem
889 4086 945 4139 non
962 4066 1116 4125 admittere.
1200 4132 1202 4139 Ι

274 4144 521 4207 tciri—Deinde
536 4144 627 4220 adicit
639 4167 691 4207 rem
703 4168 761 4209 ma·
849 4142 864 4183 Β
886 4146 955 4205 lum
974 4144 1020 4229 qui
1039 4144 1094 4205 laec
1109 4144 1217 4220 andita]
1239 4146 1301 4204 Eu·

1199 4228 1301 4305 ripirlia
