2817 4859
357 377 415 438 uo
436 375 608 439 rusum.
629 378 964 442 msromuours.
1128 387 1187 466 4⁸7

146 555 181 613 de
199 553 276 614 Bello
293 556 374 614 Alex.
390 577 451 635 cap.
468 559 525 618 xlv.
546 559 656 638 Repente
675 558 811 636 aduersam
832 559 909 638 adse
926 561 1067 640 uenientem
1088 574 1183 622 narrem

140 651 260 710 animum
275 652 400 711 advertit.
440 657 579 732 Equidem
595 658 622 714 in
639 656 681 714 hie
703 657 792 714 nolim
815 658 946 714 honeret
962 659 1043 714 illum
1058 660 1183 718 codicem

142 747 232 825 sequi,
246 769 312 807 eum
329 752 418 809 molto
437 754 530 829 pturee
550 755 658 812 codices
670 763 698 810 et
718 753 853 811 editiones
873 774 970 812 oroneo
983 755 1182 815 Animaduertit

144 851 183 906 ibi
198 853 330 909 habeant.
372 853 422 910 Sed
444 873 508 910 cum
530 853 620 912 facilis
639 853 684 910 hic
705 854 737 911 stt
758 853 934 910 librariorum
951 855 1046 930 iapsro,
1060 855 1136 929 quod
1150 856 1180 912 in

142 949 267 1004 oratione
280 947 370 1005 soluta
385 949 490 1026 semper
502 969 534 1006 eo
551 951 646 1006 ordine
659 950 785 1018 veniant,
798 949 932 1024 nullaque
950 967 1016 1004 voce
1036 948 1178 1026 interposu-

140 1053 179 1110 ta,
194 1046 318 1102 Animum
339 1045 474 1104 advertit:
497 1047 586 1104 tutius
606 1048 660 1108 erit
679 1067 714 1103 ex
733 1047 823 1124 poetis
842 1045 971 1122 exempla
991 1057 1104 1123 petere:
1127 1048 1178 1105 ubi

139 1141 256 1200 advertit
277 1143 348 1219 saepe
370 1145 501 1220 praecedit
525 1145 648 1210 animum,
669 1144 742 1221 saepe
762 1145 843 1200 verba
868 1143 959 1200 media
980 1143 1177 1203 interveniunt.

139 1241 232 1316 Atqui
253 1243 328 1316 apud
350 1242 478 1300 Plautum
498 1241 731 1317 Terentiumque,
744 1242 793 1298 ubi
817 1240 959 1316 sapiffime
976 1241 1096 1298 occurrit
1117 1243 1177 1299 haec

138 1335 252 1404 locutio,
267 1337 373 1415 semper
393 1339 514 1396 absolute
534 1339 659 1415 ponitur,
680 1355 828 1413 nunquam
850 1337 1009 1393 transitive:
1033 1339 1083 1393 nisi
1105 1337 1176 1396 forte

135 1433 181 1492 boc
200 1436 328 1505 addatur,
344 1438 419 1512 quod
439 1445 577 1494 exuetere
596 1435 732 1512 scriptura
753 1433 803 1491 buc
817 1435 907 1492 valere
927 1435 1025 1512 potest,
1040 1437 1118 1492 Num
1130 1435 1176 1494 lue

129 1532 250 1590 ‘animum
264 1533 400 1592 advertere
410 1559 420 1591 .·
439 1537 481 1592 vei
495 1533 689 1604 inurerentur,
708 1536 777 1611 Qua:
789 1534 883 1614 loquor,
897 1533 1027 1592 advertite
1040 1535 1152 1592 aruinum
1162 1559 1173 1592 .·

128 1631 219 1690 ’Nunc
240 1652 318 1709 qaam
339 1653 390 1690 rem
410 1635 476 1692 uitia
495 1633 554 1690 dent
580 1631 662 1712 quaeso
685 1631 822 1692 aduertite.
864 1633 892 1690 si
914 1633 988 1689 intra
1011 1631 1172 1707 hujusmodi

128 1729 284 1805 'particulae
298 1731 450 1796 oonfistitie,
466 1749 522 1788 non
536 1731 665 1806 equidem
681 1746 817 1806 repugno.
858 1729 910 1786 Sed
925 1730 945 1784 si
958 1730 993 1786 ad
1008 1729 1064 1785 alia
1082 1729 1171 1786 trans-

134 1825 193 1893 itis,
218 1826 293 1900 quod
315 1824 407 1902 majos
427 1827 534 1902 dgnum
560 1823 610 1882 esse
634 1826 735 1901 poterit
756 1825 783 1881 id
806 1841 948 1900 perperam
972 1821 1052 1891 fieri;
1083 1843 1170 1899 quam

128 1924 208 1998 quod
224 1924 272 1998 ipsi
287 1923 409 1991 Comici,
422 1917 496 2000 apud
513 1943 583 2000 quoe
596 1923 680 1999 piena
693 1921 920 1980 Archaismorum
942 1920 1016 1998 seges
1033 1921 1081 1990 est,
1095 1942 1170 1980 nun·

130 2039 220 2096 quam
237 2021 277 2080 ita
290 2020 375 2080 locuti
391 2021 477 2080 sunt?

172 2119 245 2195 Cap.
260 2119 338 2176 xxvi.
363 2118 440 2194 Quod
451 2130 546 2188 tamen,
559 2127 592 2176 ut
612 2116 689 2176 babet
700 2119 733 2194 se
752 2135 801 2184 res,
815 2135 853 2174 rue
872 2131 958 2175 tamea
971 2117 1111 2196 plaudente
1123 2117 1166 2177 di·

127 2215 189 2287 eiu]
214 2215 355 2272 Sententia
369 2233 425 2272 non
440 2214 512 2272 reae
527 2215 662 2290 procedit.
697 2216 781 2290 Lege,
798 2214 828 2272 U
830 2214 910 2271 TUT
926 2213 1003 2270 hahet
1012 2215 1047 2290 se
1065 2235 1115 2285 res,
1129 2237 1168 2274 me

127 2323 235 2380 tamm3
258 2313 310 2368 hoo
322 2311 369 2379 est,
383 2325 518 2389 utcumque
532 2311 608 2368 habet
618 2313 652 2388 se
666 2329 715 2375 res,
729 2312 859 2386 quamvis
874 2330 929 2367 non
942 2311 1046 2369 constet
1059 2313 1107 2369 sibi
1121 2314 1164 2391 ip·

126 2407 164 2476 se,
181 2406 225 2470 sed
239 2407 287 2466 sua
300 2410 434 2485 dogmata
447 2419 561 2466 evertat.
591 2409 705 2466 Terent.
721 2410 825 2465 Heaut.
837 2407 856 2464 i.
869 2425 897 2465 2.
911 2408 955 2466 Ut
967 2418 1000 2464 ut
1013 2421 1079 2475 erat,
1088 2429 1165 2466 uan-

116 2494 180 2580 smn
194 2515 288 2564 tamen
302 2507 420 2584 oportuit.
462 2505 575 2564 Phorm.
591 2505 631 2562 iii.
647 2523 674 2562 2.
698 2503 752 2562 Sed
763 2514 795 2562 ut
808 2513 841 2560 ut
853 2501 911 2562 haee
918 2503 995 2580 suut,
1009 2513 1103 2562 tamen
1118 2505 1164 2564 tac

116 2601 238 2676 sociam.

165 2701 343 2777 Cap..xxvii.
367 2699 426 2760 Stat
435 2698 502 2779 sane
514 2699 561 2758 itta
570 2717 666 2778 genera
681 2699 819 2757 bonnam.-
839 2699 901 2757 dum
920 2700 1027 2777 corporis
1039 2714 1065 2757 et
1077 2713 1162 2758 euter-

122 2815 162 2854 na
173 2797 282 2870 jaceant
301 2797 380 2866 humi,
394 2811 417 2855 et
432 2797 605 2856 tandummodo
618 2799 680 2876 quia
688 2797 816 2875 sumenda
826 2795 893 2875 sunt
905 2797 1063 2875 appellentur
1076 2797 1159 2870 bona3

121 2895 180 2956 alia
195 2911 279 2954 autem
292 2895 385 2954 diviua
398 2897 445 2954 itta
459 2897 531 2972 louge
544 2895 644 2974 lateque
653 2897 686 2972 st
698 2894 819 2974 pandant
832 2895 972 2973 eaelumqae
990 2897 1159 2973 contingant:

124 2993 183 3068 [ut]
199 3011 229 3050 ee
243 2992 287 3071 qai
299 2993 406 3072 adeptus
415 2995 464 3070 fit,
478 3013 526 3052 aar
537 3011 593 3050 eum
607 2991 709 3050 beatam
723 2991 793 3048 modo
804 3007 829 3049 et
841 3011 890 3048 non
903 2990 1068 3067 beatifflnum
1081 2995 1159 3054 etiam

120 3087 229 3146 tuem
240 3087 274 3163 t]
297 3089 344 3148 Sic
365 3090 457 3148 locum
480 3088 654 3164 interpunxi,
668 3097 700 3145 ut
714 3088 756 3144 vel
771 3088 864 3165 prima
877 3086 968 3144 fronte
981 3100 1114 3166 appareat
1125 3086 1159 3149 ri

122 3189 168 3240 rt'r
180 3181 288 3240 officere
300 3183 452 3253 sententiae,
467 3192 495 3242 et
508 3185 623 3262 proinde
636 3184 685 3241 etse
698 3185 858 3243 delendum.
899 3185 938 3243 Et
951 3186 1020 3243 olim
1042 3187 1158 3264 quidem

120 3281 156 3336 fio
169 3282 363 3339 emendaverat
380 3283 552 3353 Lambinus;
575 3281 677 3358 sprevit
693 3301 756 3339 vero
770 3278 943 3351 Gebhardue,
957 3283 1007 3360 qui
1022 3282 1093 3340 nihil
1113 3285 1157 3342 ul·

120 3391 165 3436 tra
178 3379 285 3438 codices
297 3379 390 3457 sapere
404 3379 484 3438 ausus
497 3380 544 3438 est.

160 3477 233 3535 lbid.
259 3479 326 3554 Quae
338 3479 372 3554 est
383 3478 492 3547 vit‘irie,
506 3497 537 3535 ea
550 3476 614 3536 teta
630 3475 832 3556 prosequentibus
844 3475 903 3552 suis
916 3493 969 3532 una
986 3496 1043 3533 cam
1055 3477 1115 3535 viro
1126 3478 1156 3536 ia

114 3589 206 3651 rogum
220 3573 376 3653 imponitur:
398 3576 446 3632 illa
459 3575 534 3633 vidia
555 3574 653 3632 moeiia
672 3572 812 3648 discedit]
834 3573 954 3630 Dixerat
966 3574 1061 3652 paullo
1075 3585 1151 3644 ante,
1179 3561 1183 3569 ⁴

116 3671 211 3730 Plures
232 3673 297 3729 enirn
307 3671 421 3750 fingatis
431 3673 515 3751 soleret
537 3671 584 3752 effe
603 3685 711 3751 nuptae:
733 3672 873 3747 reliquum
894 3671 931 3728 est
951 3672 1048 3748 igitur,
1062 3686 1095 3730 ut
1108 3674 1154 3733 di·

114 3779 172 3836 cat,
184 3769 245 3826 lltae
258 3769 338 3828 viae
351 3771 445 3844 uoestae
458 3768 596 3848 discedunt.

158 3867 230 3944 Cap.
246 3887 311 3924 xxx.
336 3866 411 3926 Nihil
429 3867 518 3926 bouum
537 3869 585 3943 nest
600 3867 767 3944 uoluptatem,
781 3879 811 3924 ut
825 3865 961 3944 Epicurus,
977 3863 1043 3923 ubit
1060 3865 1151 3928 bonane

114 3961 165 4038 nist
181 3963 349 4029 enutritorem,
362 3977 392 4022 ut
406 3963 597 4039 Hieronymus]
621 3963 763 4020 Editionee
784 3963 922 4040 pleraeque
943 3961 1024 4039 plene
1037 3964 1151 4035 habent,

114 4060 275 4118 vacuitatem
288 4059 389 4118 doloris.
430 4061 523 4136 Atqui
544 4060 616 4117 abest
635 4062 671 4118 ab
684 4062 816 4116 omnibus
829 4058 1039 4136 Manut'criptie‚
1054 4061 1151 4139 inquit

115 4157 298 4215 Gebhardus:
322 4157 390 4234 quid
413 4169 473 4216 tum
497 4158 606 4236 postea?
633 4158 680 4214 etsi
702 4160 754 4215 hoc
773 4170 874 4232 tpmere
893 4157 1001 4220 dietum
1022 4161 1065 4232 ot,
1081 4181 1149 4228 nam

641 4257 713 4331 1i4
