2817 4859
285 397 345 476 48⁶
610 396 986 458 umuuonmouus

285 573 398 636 Plautue
412 571 576 643 Cistellaria,
591 573 629 632 ir.
647 591 673 635 r.

380 725 529 774 unaarum
539 725 667 790 etpumia
676 723 784 790 ‚param
800 711 983 788 e'onqumnam
994 725 1025 774 aa
1035 725 1156 776 annam.

322 857 397 934 Cup.
411 857 470 914 xxi.
494 859 648 936 Quanquam
667 856 708 914 lic
727 855 825 936 quidam
843 855 988 934 Tyrannus,
1001 858 1051 937 ipse
1066 858 1220 936 judicavit,
1239 881 1317 941 qnam

281 955 338 1036 affer
352 953 466 1030 heatae]
488 953 631 1012 Continuo
645 955 771 1012 videbam
792 954 940 1031 legendum
958 953 1010 1012 etse
1031 957 1215 1018 Inurcarrr.
1257 959 1318 1019 Post

283 1073 349 1110 vero
369 1053 442 1128 apud
467 1052 637 1110 Lambinum
663 1064 726 1109 eam
752 1055 975 1111 emendationem
997 1056 1096 1132 reperi,
1117 1067 1147 1113 et
1167 1059 1251 1115 bonis
1271 1079 1317 1118 ra·

284 1153 406 1210 tionibus
426 1151 584 1209 stabilitam.
628 1151 708 1212 Quid
729 1153 775 1209 hic
795 1153 982 1210 Gebhardus?
1009 1154 1116 1211 Contra
1136 1173 1183 1212 eas
1198 1157 1318 1215 rationes

282 1261 318 1307 tte
333 1249 435 1306 mutire
448 1247 562 1326 quidem
578 1248 620 1305 vel
636 1247 736 1305 hiscere
751 1249 851 1318 audet3
873 1249 1015 1306 codicibus
1027 1259 1121 1306 tamen
1136 1253 1193 1308 suis
1207 1252 1316 1312 servum

280 1367 364 1428 pecua
378 1350 561 1426 obtemperat.
596 1350 623 1407 Si
639 1351 690 1406 hoc
705 1351 789 1406 modo
802 1351 915 1426 agitur3
936 1349 1027 1406 facilis
1040 1348 1103 1408 sane
1118 1353 1266 1428 provincia
1279 1354 1317 1412 eo

279 1463 426 1524 procurare
440 1445 586 1512 editiones,
599 1455 627 1502 et
640 1465 657 1502 a
670 1445 771 1522 quovis
785 1445 969 1501 administrari
984 1445 1081 1521 potest.

319 1541 393 1617 Cap.
407 1541 487 1598 xxiii.
511 1541 652 1598 Animum
683 1541 788 1598 adverti
812 1541 967 1598 columellam
988 1560 1037 1598 marr
1059 1542 1169 1600 maltam
1194 1561 1210 1600 r
1232 1542 1318 1603 alamir

278 1635 448 1712 eminentem]
470 1637 578 1696 Omnes
592 1645 657 1693 ante
678 1643 757 1694 tuam
778 1637 912 1694 editiones
928 1635 1112 1694 Animadverti
1130 1640 1261 1696 babent:
1284 1653 1317 1698 tu

278 1735 393 1792 antimum
413 1733 516 1792 atlanti
539 1734 666 1811 reponis:
689 1745 727 1801 et,
747 1733 852 1802 Merita,
871 1734 976 1810 inquis,
993 1732 1039 1791 boc
1052 1733 1149 1812 probat
1161 1734 1232 1808 Jac.
1245 1738 1318 1795 Gra-

277 1833 380 1891 navias.
421 1833 481 1890 Cur
500 1841 593 1889 autem
616 1829 662 1888 ille
680 1832 763 1889 unius
775 1831 878 1888 codicia
890 1830 1038 1888 tectionem
1052 1841 1096 1888 tot
1108 1832 1230 1890 aliorum
1247 1853 1318 1892 aue·

279 1935 385 1992 toritati
411 1933 576 2012 anteponit?
611 1935 693 1991 Certe
713 1933 756 1990 vel
777 1952 811 1990 eo
832 1931 892 2010 ipso
911 1933 1025 1989 nomine
1048 1931 1175 2010 suspecta
1192 1934 1246 1992 tibi
1262 1935 1317 1994 esso

278 2031 413 2108 oportuit,
428 2029 504 2108 quod
518 2029 568 2088 tali
583 2029 698 2096 Critico,
713 2040 772 2086 tarn
788 2029 929 2088 emunctae
941 2029 1015 2086 naria
1035 2027 1149 2097 scilicet,
1162 2031 1315 2106 placuerit.

277 2129 337 2186 Scis
350 2129 425 2186 enim
437 2125 534 2206 qualia
548 2125 589 2184 itti
604 2125 706 2184 soleant
719 2126 770 2183 esse
784 2127 814 2183 in
826 2126 935 2184 deliciis
943 2151 952 2197 ;
972 2123 1101 2193 obsoleta,
1114 2128 1240 2194 rancida,
1252 2145 1315 2186 eto·

277 2223 352 2296 nasa,
368 2223 450 2284 rostro
463 2224 583 2302 denique
596 2221 645 2280 suo
657 2222 738 2280 suillo
751 2223 955 2280 convenientia.
995 2223 1046 2280 Sed
1061 2224 1211 2281 mittamus
1223 2227 1315 2292 bunc,

276 2331 304 2380 et
318 2323 351 2380 ad
366 2339 424 2379 rem
440 2319 527 2399 ipsam
542 2321 696 2379 veniamus.
729 2319 798 2378 Non
818 2319 913 2396 itaque
926 2321 978 2376 hoc
992 2336 1067 2376 nunc
1080 2320 1184 2396 agitur,
1197 2339 1234 2378 an
1250 2323 1316 2379 arri·

277 2437 345 2482 mum
368 2419 472 2479 adverti
495 2419 587 2498 ipsum
610 2417 705 2498 perse
729 2419 801 2478 reste
821 2420 949 2478 dicatur:
972 2419 1000 2477 id
1019 2420 1095 2477 eninr
1116 2419 1314 2491 eertiffimum,

275 2539 341 2578 cum
362 2537 395 2576 ex
417 2516 516 2576 multia
535 2517 653 2575 aliorum
668 2516 813 2574 multorum
828 2517 907 2585 locis,
919 2528 981 2574 tum
994 2517 1144 2593 prasertim
1157 2537 1192 2574 ex
1208 2519 1317 2577 Plauto

274 2625 301 2674 et
316 2615 465 2674 Terentio:
487 2633 582 2672 verum
597 2633 630 2672 ea
648 2614 682 2672 lis
702 2613 879 2691 disceptatur,
893 2633 929 2671 au
948 2615 1063 2672 animam
1081 2613 1218 2672 aduertere
1233 2616 1317 2675 reue

273 2711 384 2770 dicatur
397 2710 546 2778 transitive,
559 2719 592 2767 ut
612 2709 801 2767 accusativum
823 2709 884 2786 post
903 2709 929 2766 se
949 2709 1085 2786 recipiat:
1107 2711 1189 2788 quale
1202 2711 1252 2769 hic
1266 2712 1315 2771 lo·

273 2809 310 2876 ci,
330 2807 453 2868 Animum
472 2805 578 2865 adverti
600 2805 766 2864 columellam¹
781 2807 944 2871 emimemerrre
970 2815 998 2863 et
1017 2805 1118 2864 Dicin.
1140 2808 1160 2864 i.
1180 2809 1232 2882 36.
1257 2810 1314 2868 ubi

272 2911 370 2964 ornnes
392 2905 498 2964 codices
521 2905 555 2962 sre
578 2903 686 2981 legunt,
708 2903 865 2982 Erprrrella
886 2903 977 2960 marrire
995 2901 1181 2961 animadvertit
1195 2920 1316 2982 pamm

270 3001 452 3068 dirmirnrrmr
474 3021 508 3058 an
523 3001 569 3059 hic
583 3001 696 3058 animum
716 2999 832 3058 adumar
844 3017 952 3078 paenam
965 2999 1054 3058 dicere
1070 2999 1196 3061 lieuisset.
1239 3004 1316 3064 Hoc

271 3117 360 3174 neg05
389 3110 417 3156 et
442 3099 470 3156 in
494 3099 631 3176 plerisque
652 3099 785 3155 omnibus
807 3099 951 3175 exemplis,
975 3117 1041 3172 qum
1061 3110 1158 3158 tantm
1180 3101 1315 3164 afferun-

271 3203 325 3264 tur,
341 3175 397 3252 non·
412 3195 552 3252 trannne
572 3195 616 3252 rea
638 3193 759 3252 amorne
780 3195 846 3271 pon
861 3193 1036 3252 manifestum
1051 3196 1099 3255 ar.
1138 3195 1183 3255 otc
1196 3196 1232 3255 ae
1246 3199 1313 3260 or.

271 3289 317 3352 fic.
337 3291 367 3350 ii.
390 3291 435 3350 18.
457 3291 532 3368 quod
554 3289 740 3347 diseniffimus
761 3291 891 3348 Graeviua
914 3293 1024 3368 primur
1043 3293 1161 3370 reponit,
1184 3295 1224 3352 Ur
1239 3301 1313 3357 αἱ.

274 3405 342 3448 mam
359 3387 510 3456 advertant,
529 3407 560 3446 nr
579 3407 640 3466 qaas
660 3387 800 3462 fferrdart.
842 3390 887 3447 Sic
911 3390 940 3446 in
959 3389 1034 3448 Livii
1056 3391 1126 3458 loeo,
1147 3389 1230 3449 nair.
1253 3395 1313 3468 48.

273 3487 360 3563 Quam
380 3485 520 3542 multarum
539 3503 622 3542 reram
643 3483 691 3562 ipsi
710 3484 816 3560 ignaras
830 3483 895 3563 effic,
908 3485 1022 3542 ammam
1035 3484 1170 3544 aloarii:
1192 3499 1232 3545 ut
1245 3493 1314 3567 pri·

270 3599 334 3643 mua
358 3582 396 3640 ibi
418 3581 534 3640 restituit
548 3583 592 3658 Jo.
607 3581 681 3639 Frid.
701 3581 864 3639 Gronovius
884 3583 1017 3640 acerrimo
1037 3583 1082 3639 vir
1096 3581 1218 3659 judicio,
1239 3588 1313 3646 doe·

268 3683 343 3740 trina
364 3691 456 3738 autem
480 3688 509 3736 et
530 3679 658 3738 acumine
681 3680 836 3737 admirabili
848 3705 856 3750 ς
879 3681 929 3758 qui
949 3681 968 3738 sr
989 3681 1017 3738 in
1039 3682 1110 3738 vivia
1129 3681 1206 3748 esset,
1230 3687 1313 3746 nihil

267 3778 349 3836 credo
361 3777 462 3853 aegrius
483 3775 565 3834 ferret
585 3796 671 3853 quam
693 3776 784 3834 filium
805 3777 853 3833 nbi
871 3775 921 3834 esse
934 3787 992 3834 tam
1007 3778 1116 3855 parenti
1129 3778 1312 3843 dissimilem.

268 3875 314 3932 Sic
336 3874 365 3930 in
386 3871 523 3952 plerisque
541 3873 614 3940 aliia,
627 3895 692 3950 quae
712 3877 762 3931 aut
782 3874 820 3930 ibi
836 3873 943 3943 abillo,
957 3885 1006 3932 aut
1020 3895 1036 3932 a
1049 3885 1078 3934 te
1091 3877 1136 3954 bic
1150 3877 1312 3939 adducun-

265 3981 314 4027 tur
323 3994 332 4039 3
354 3991 417 4046 quae
431 3970 527 4027 omnia
540 3971 575 4027 ad
597 3971 671 4026 hunc
685 3971 764 4028 Tutti
782 3971 874 4027 locum
891 3971 961 4027 nihil
975 3971 1092 4028 omnino
1104 3969 1227 4031 faciunt.
1257 3975 1312 4034 U.

267 4084 337 4124 uum
360 4067 443 4123 modo
466 4065 618 4124 alterumve
638 4066 685 4134 est,
699 4067 773 4142 quod
794 4067 850 4123 huc
870 4066 958 4123 facere
976 4069 1111 4134 videatur,
1127 4077 1160 4125 ut
1182 4070 1309 4134 Sallust.

266 4161 333 4245 Jug.
346 4180 408 4240 cap.
423 4157 500 4220 xciii.
526 4160 647 4220 Animum
660 4160 776 4220 advertit
789 4162 854 4222 inter
857 4149 930 4242 firma
944 4177 1054 4245 reptatas
1065 4162 1184 4223 cochleas.
1216 4167 1306 4231 Hirr.
