2817 4859
375 318 379 323 ’
426 336 875 409 nraanuuan-uua.
1099 356 1154 421 ψ

131 499 424 601 praecipitaverit,
439 502 609 616 sustinere
634 503 669 576 se
684 528 770 577 curn
786 502 884 577 velit.
908 600 916 615 ⁶
934 500 989 615 Ut
1006 499 1102 575 enirn
1118 502 1157 577 id

132 624 213 712 non·
230 602 373 699 potest:
399 602 449 676 sic
465 628 602 753 anrqrus
615 606 845 774 perturbqgtcrq
853 618 892 771 ep
893 618 1073 775 1:lqcrit'qpqu
1073 626 1156 775 eiece-

131 700 894 913 ocssibribequieqiroriesriiesiliriiiillpbrniciosa
918 755 1009 889 stiur,
1032 758 1157 874 eadeui

129 897 214 971 strnt
229 899 357 972 vinosa
380 898 581 974 nascentia:
608 901 786 997 aegntudo
810 917 929 971 autem
945 916 1156 995 caeteraeque
1213 992 1215 997 Ι

129 998 427 1107 perturbationes,
456 999 685 1096 amplificatae
718 1016 813 1071 certe
832 995 1020 1111 ‘pestiferae
1053 998 1154 1072 sunta

130 1093 244 1192 igitur
274 1096 382 1169 etiam
414 1098 593 1195 susceptae,
624 1095 797 1171 continuo
830 1120 867 1168 ut
897 1118 1026 1193 magna
1048 1096 1156 1192 pestis

129 1212 232 1290 parte
252 1195 445 1270 versantur.
495 1197 545 1270 Et
573 1197 675 1270 enim
696 1194 781 1295 ipsae
803 1194 836 1267 se
865 1192 1068 1293 impellunt,
1090 1196 1155 1269 ubi

129 1292 277 1367 semela
292 1293 426 1367 ratione
442 1294 630 1369 discessum
644 1296 721 1368 est:
747 1292 890 1393 ipsaque
912 1294 972 1366 fibi
990 1292 1154 1368 imbecil-

129 1390 209 1464 litaa
234 1390 411 1493 indulget,
433 1395 471 1467 in
496 1397 679 1493 altumque
702 1392 911 1491 provehitur
937 1391 1154 1490 imprudenr,

129 1512 198 1563 nec
221 1494 351 1589 repetit
371 1494 492 1566 locum
517 1491 743 1567 consistendi.
793 1491 1038 1566 Quamobrem
1060 1491 1155 1568 nihil

129 1588 287 1679 interest,
320 1609 442 1664 utrum
475 1594 670 1665 moderatas
707 1591 988 1702 perturbationes
1024 1614 1152 1689 appro-

128 1687 231 1778 bent,
254 1713 300 1761 an
330 1693 548 1765 moderatam
575 1688 793 1787 injustitiam,
816 1692 1033 1762 moderatam
1052 1690 1152 1787 igna-

128 1786 239 1871 viam,
265 1791 485 1863 moderatam
508 1788 827 1889 intemperantiam.
878 1786 953 1861 Qui
981 1788 1077 1861 enim
1096 1788 1153 1863 vi-

127 1883 189 1959 tiia
216 1888 367 1959 modurn
391 1889 550 1987 apponit,
573 1887 603 1961 is
626 1909 764 1987 partem
794 1885 937 1984 suscipit
956 1884 1151 1963 vitiorume

124 1984 230 2081 quod
253 2008 338 2061 cum
360 1986 477 2085 ipsum
500 2010 564 2085 per
587 1986 621 2059 se
644 1985 808 2061 odiosum
832 1986 894 2072 est,
912 2003 990 2059 tum
1010 2010 1053 2058 eo
1073 2010 1153 2061 mo-

90 2151 93 2155 .
128 2080 274 2169 leffium
313 2083 398 2183 quia
430 2086 509 2160 sunt
543 2084 581 2158 in
614 2082 766 2175 lubrico,
797 2082 1013 2183 incitataque
1045 2086 1154 2161 sentel

127 2182 314 2278 ¹¹²procliui
326 2184 507 2269 labuntur,
519 2182 750 2281 sustinerique
762 2184 863 2255 nollo
877 2184 986 2256 modo
996 2184 1152 2281 paisant.

178 2278 287 2355 xlx
314 2281 443 2356 Quid?
469 2285 569 2382 quod
592 2282 701 2354 iidem
726 2279 949 2377 Peripatetici
967 2284 1153 2379 perturba-

125 2378 245 2451 tiones
273 2379 367 2465 istas,
401 2406 488 2479 quas
521 2404 586 2454 not
618 2379 843 2477 extirpandas
874 2398 1050 2476 putamus,
1077 2403 1151 2455 nott

128 2479 241 2554 modo
258 2482 430 2553 naturales
446 2480 515 2553 esse
531 2478 671 2563 dicunt,
688 2479 749 2551 sed
773 2478 878 2551 etiam
900 2476 1035 2551 utiliter
1051 2506 1072 2553 a
1088 2504 1151 2553 na·

128 2592 208 2651 tura
224 2577 345 2653 datae:
371 2603 526 2676 quorum
540 2578 591 2651 est
608 2576 686 2651 talis
703 2575 829 2651 oratio.
880 2575 1038 2655 Primum
1056 2580 1152 2652 mul-

125 2672 172 2747 tis
189 2673 308 2751 verbio
323 2676 571 2753 ¹¹iracundiam
591 2676 762 2751 laudant:
790 2693 907 2751 cotem
932 2674 1151 2753 fortitudinia

127 2961 178 3021 sie
186 2970 216 3020 et
228 2962 285 3043 ipse
297 2964 404 3035 Cicero,
415 2966 466 3024 lib.
476 2983 503 3024 r,
515 2964 550 3023 ad
562 2966 615 3025 Ae
664 2964 784 3032 Gellius,
797 2960 837 3021 N.
852 2964 890 3021 Α.
912 2962 962 3021 lib.
977 2982 1005 3022 x.
1025 2982 1086 3041 cap.
1103 2982 1151 3039 ²4·
1173 3015 1176 3023 .

130 3044 180 3101 tic.
196 3042 283 3121 apin
297 3062 327 3122 9.
665 3043 736 3104 Sane
748 3064 823 3123 quam
836 3042 974 3119 consuetum
984 3044 1015 3105 iis
1024 3044 1152 3101 veteribrrr

168 3124 176 3161 ¹
196 3122 262 3193 Nec,
280 3144 329 3204 quo
342 3123 392 3182 lon
403 3124 472 3190 vale,
489 3127 615 3208 inssterr:
654 3124 750 3201 suerat
762 3122 840 3183 litera
853 3122 1046 3218 sirpiarumque
1058 3125 1097 3181 oti
1109 3122 1151 3183 in·

128 3203 302 3281 omninoque
327 3225 392 3283 quae
412 3206 479 3279 itu]
512 3208 616 3283 Vulgo,
663 3202 1151 3283 dffcrenterfinttpraefisctnirrptm·

128 3284 193 3354 Nec,
207 3304 257 3362 quo
277 3285 327 3343 Ioco
345 3285 415 3354 walt,
428 3284 534 3363 insistere
552 3307 614 3345 orn·
664 3284 1073 3363 fiscine,proclivi,erproclire.
1095 3286 1151 3343 Ea·

126 3364 214 3422 ninor
245 3384 363 3443 queque
386 3365 527 3442 crescentia.
572 3370 615 3425 At
661 3368 726 3423 dem
741 3366 839 3443 repetit
853 3364 1022 3431 Macrobius,
1038 3366 1150 3424 Saturn.

124 3443 197 3502 Bait.
217 3446 308 3513 babet,
320 3464 365 3503 nec
376 3464 425 3525 qur
437 3446 488 3503 loco
498 3444 560 3506 vult
573 3449 615 3504 ia·
661 3447 713 3505 lib.
724 3446 742 3503 i.
756 3464 818 3523 cap.
834 3446 870 3502 iv.
883 3465 913 3521 p.
926 3442 943 3501 i
944 3462 962 3523 5
966 3458 992 3525 5.
1003 3445 1045 3502 ed.
1058 3446 1150 3522 Lugd.

116 3524 228 3601 ,ἅμα
252 3526 422 3603 omninoque
434 3546 497 3604 quae
507 3526 615 3603 crescat·
703 3534 718 3562 '¹
731 3524 907 3585 iracundiam
918 3524 1044 3593 laudam
1059 3536 1150 3583 cotem

126 3605 176 3661 ria.
209 3604 372 3683 Elegantius
387 3609 488 3675 multo,
501 3607 615 3665 Cicero·
662 3602 1059 3686 fortitudinirrffrdicuat&c.]
1076 3602 1151 3662 Nos-

125 3702 218 3763 ueque
243 3686 366 3765 digniurj
398 3685 550 3747 Quodcum
575 3689 616 3749 ita
662 3698 705 3744 ter
719 3684 934 3752 distinstionem,
957 3704 1043 3763 quant
1067 3682 1149 3761 supra

124 3764 171 3834 stt,
190 3769 242 3823 rior
260 3786 323 3839 earn
343 3768 498 3845 recepimus
518 3766 614 3827 leslio·
662 3787 725 3843 cap.
743 3784 788 3824 ta.
810 3766 911 3843 posuit,
923 3766 971 3823 sibi
992 3784 1046 3822 non
1067 3766 1150 3823 duxit

127 3864 204 3905 uem.
587 3865 589 3868 ·
662 3846 879 3911 observandam
908 3844 1049 3905 iracundia
1071 3847 1148 3904 enim

165 3932 190 3963 '¹
203 3926 321 3986 Proclivi
333 3926 470 4001 taluam]
486 3927 614 4005 stetteg.
662 3947 718 3985 non
741 3920 919 4007 o'pyrlnmra,
935 3945 1021 4001 quarn
1040 3926 1149 3984 malurn

127 4003 269 4081 Pilhoeane
279 4008 372 4065 Vatic.
387 4008 556 4087 plurimique
568 4028 615 4067 co-
662 4008 713 4065 esse
727 4006 821 4064 statuit
830 4006 999 4083 Aristotelea,
1010 4005 1053 4065 sed
1068 4010 1151 4078 iram,

125 4085 211 4143 dicer.
253 4090 296 4146 At
316 4089 394 4146 Med.
415 4088 486 4150 Bait.
510 4088 616 4167 aliique
663 4081 761 4167 mpla,
776 4086 820 4144 hic
839 4086 960 4143 denotat.
991 4086 1036 4143 Sic
1056 4108 1106 4167 pro
1121 4088 1151 4146 P.

123 4165 245 4245 procliva
259 4169 334 4245 quod
346 4170 443 4228 eodem
462 4170 542 4227 redit.
576 4172 614 4228 Α.
664 4168 770 4239 Sextio,
783 4180 845 4247 cap.
862 4166 892 4224 ii.
924 4166 1054 4245 Qunam
1066 4168 1152 4309 mira

656 4292 660 4301 ·
1142 4284 1154 4323 r
