2817 4859
573 316 946 384 EMENDATIONES

344 504 434 554 Adhuc
445 502 479 553 er
491 498 498 567 Ι
510 500 599 564 thyio,
609 514 666 563 qure
676 500 708 553 ed
721 498 726 564 Ι
741 498 825 558 solent,
836 510 891 561 qun
903 492 971 562 ique
981 502 1074 557 oportet

346 586 419 645 Signa
429 584 474 633 effe
484 585 515 633 ad
528 582 534 649 Ι
547 584 648 633 sulutem
659 598 702 633 oue
716 580 721 647 Ι
735 583 778 631 niu
788 582 846 631 huic
857 581 883 629 es
893 576 899 647 Ι
912 580 935 627 se
945 579 1025 627 uideo.

345 665 421 713 Nunc
432 666 539 727 primum
553 660 559 728 Ι
572 666 609 712 fac
621 665 703 711 iuhaee
716 658 722 727 Ι
736 662 813 711 lavet:
830 663 882 724 post
894 656 900 726 Ι
913 659 1010 717 deinde,

346 746 420 794 Quod
427 744 483 805 juffi
493 747 514 794 ei
529 742 535 809 Ι
548 744 597 795 deri
608 744 664 795 bibe
676 746 683 809 Ι
695 760 730 803 re,
741 754 765 793 et
776 740 895 807 quentuui
907 744 942 794 im
955 738 962 809 Ι
975 741 1065 805 peravi,

345 826 425 875 Date:
441 841 500 875 mox
511 842 525 875 e
538 825 544 891 Ι
557 842 587 888 go
598 828 649 875 huc
657 835 767 875 revertor.

251 962 288 1021 ln
302 960 394 1020 Plauti
408 964 627 1041 Amphitryone,
639 962 707 1022 Au.
722 962 751 1021 ii.
767 962 811 1023 Sc.
826 981 851 1021 1.
866 961 908 1019 iia
920 954 1082 1037 disponendi
1096 954 1171 1015 sunt.

346 1110 408 1172 Age,
420 1110 427 1158 i
439 1120 465 1157 ur
478 1106 486 1175 Ι
498 1110 637 1157 secundum.
652 1108 659 1174 Ι
671 1108 716 1157 So.
732 1106 833 1171 Sequor,
845 1108 887 1156 sub
901 1104 907 1173 Ι
921 1106 1003 1168 sequor
1014 1116 1045 1153 te.

267 1194 338 1241 Am.
349 1193 457 1241 Scelessii
466 1190 472 1258 Ι
485 1193 573 1241 fimum
584 1204 608 1241 te
618 1208 644 1241 ar
656 1188 663 1259 Ι
675 1194 757 1243 bitror.
778 1194 822 1242 So.
841 1192 908 1241 Nam
922 1188 928 1257 Ι
941 1186 1122 1252 quemobrem?

267 1275 340 1322 Aur.
352 1274 417 1323 Quia
428 1275 453 1322 id
463 1276 528 1337 quod
541 1272 547 1341 Ι
560 1289 640 1337 neque
649 1278 692 1333 est,
703 1290 750 1323 neo
762 1272 769 1341 Ι
780 1276 837 1335 fuir,
848 1288 894 1322 neo
907 1270 913 1339 Ι
926 1274 1035 1321 futurum
1043 1271 1090 1333 eii,

346 1354 471 1417 Minima
484 1353 490 1419 Ι
503 1356 578 1405 dione.
599 1356 644 1405 So.
664 1358 699 1405 Ee
713 1353 719 1420 Ι
732 1356 845 1415 oerejm
858 1352 865 1419 Ι
878 1354 965 1403 tuatim

347 1436 415 1487 Facie
426 1446 452 1487 tu
463 1446 491 1485 ut
503 1434 510 1503 Ι
522 1440 570 1486 tuis
580 1438 622 1489 nul
636 1435 643 1505 Ι
656 1438 681 1487 la
690 1439 755 1501 apud
767 1447 790 1486 te
802 1433 809 1503 Ι
823 1438 881 1487 fides
892 1436 928 1483 srt.

267 1514 340 1563 Aure.
353 1516 419 1563 auid
430 1517 482 1564 est?
500 1531 549 1579 quo
562 1512 569 1581 Ι
583 1519 674 1565 modo?
689 1518 743 1578 jam
757 1514 763 1583 Ι
776 1518 874 1579 quidem
886 1512 965 1562 hercle
975 1526 1019 1575 ego
1033 1508 1039 1577 Ι
1052 1509 1094 1558 tibi
1107 1510 1177 1558 istam

349 1596 486 1650 scelestam,
501 1594 507 1662 Ι
520 1596 605 1656 scelus,
616 1598 651 1645 iin
664 1596 671 1662 Ι
684 1613 758 1659 guam
769 1596 916 1645 abscindam.
930 1591 936 1661 Ι
958 1592 1002 1642 So.
1011 1592 1080 1641 Tuus
1089 1590 1153 1639 sum.

348 1678 449 1726 Proinde
459 1686 488 1726 ut
497 1692 554 1726 com
568 1676 575 1744 Ι
588 1680 691 1727 modum
701 1680 735 1727 est
746 1688 770 1726 et
784 1674 789 1743 Ι
803 1678 870 1725 lubet
880 1677 937 1739 quid
951 1672 958 1740 Ι
970 1690 1017 1737 que
1028 1674 1115 1723 iacies:

345 1754 1052 1823 mquiuiioquaregohuoiutiiaoiusunthic,

346 1842 483 1905 Nunquam
492 1841 544 1892 ullo
556 1839 563 1907 Ι
576 1843 651 1893 modo
661 1858 703 1891 rue
715 1838 721 1907 Ι
735 1852 802 1905 poter
812 1842 842 1891 de
855 1837 861 1905 Ι
875 1850 975 1891 tenerer
1051 1884 1055 1894 .

239 1944 243 1949 ·
266 1924 339 1972 Aur.
349 1922 512 1972 Scelestiffime
523 1925 596 1973 audes
609 1921 615 1990 Ι
628 1926 690 1973 mihi
701 1939 750 1987 prae
763 1922 769 1990 Ι
783 1924 861 1973 dicare
872 1924 905 1981 id,

347 2007 422 2056 Domi
435 2018 459 2055 te
469 2006 496 2054 es
505 2004 512 2071 Ι
525 2006 548 2055 se
559 2023 635 2067 nunc,
647 2010 688 2070 qui
700 2010 741 2057 hic
755 2004 761 2073 Ι
774 2008 849 2057 ades?
875 2006 919 2055 So.
935 2007 971 2053 Ve
984 2002 991 2071 Ι
1004 2021 1029 2055 re
1040 2005 1104 2053 dico.
1144 2072 1147 2079 Ι

267 2088 340 2134 Aur.
351 2084 464 2134 Malum!
481 2087 545 2147 quod
558 2082 566 2150 Ι
579 2088 622 2135 tibi
633 2078 677 2151 di]
690 2086 784 2135 dabunt
792 2096 818 2136 et
831 2082 837 2151 Ι
850 2100 897 2149 que
907 2098 951 2145 ego
963 2085 1034 2133 hodie

349 2168 428 2217 Dabo.
450 2169 495 2217 So.
511 2168 574 2218 istuc
587 2167 594 2234 Ι
607 2170 650 2222 riui
661 2172 695 2223 est
704 2171 731 2219 in
744 2168 750 2235 Ι
764 2184 855 2219 monor
873 2182 931 2220 uum
945 2164 951 2233 Ι
965 2178 1021 2221 tuus
1031 2166 1093 2217 ium.

266 2248 338 2296 Aur.
349 2248 415 2307 Tun'
425 2262 467 2295 me
477 2262 518 2296 ver
529 2245 536 2313 Ι
549 2249 616 2308 bero,
626 2250 699 2298 audeo
712 2246 718 2313 Ι
732 2250 819 2297 herum
830 2248 856 2297 lu
869 2246 874 2312 Ι
887 2247 1005 2295 disicere?

345 2328 411 2378 ‘iun'
423 2331 446 2377 id
455 2331 479 2377 di
493 2326 499 2395 Ι
511 2343 565 2378 cere
576 2332 668 2379 audes?
681 2330 687 2395 Ι
700 2332 766 2393 quod
778 2345 851 2378 nemo
862 2344 896 2378 un
909 2326 915 2395 Ι
928 2342 1002 2391 quum
1014 2330 1089 2375 homo
1099 2324 1203 2375 auteur:

344 2410 422 2469 Vidit,
433 2424 478 2459 uec
492 2409 498 2476 Ι
511 2415 586 2473 potest
597 2413 613 2458 fi
627 2410 633 2474 Ι
646 2412 689 2470 eri,
700 2422 750 2460 tem
764 2410 769 2476 Ι
784 2426 839 2473 pore
850 2424 901 2459 uno

345 2490 431 2539 Homo
440 2491 505 2539 idem
519 2487 525 2555 Ι
538 2490 650 2553 duobus!
664 2490 723 2538 locis
733 2498 761 2539 ut
774 2488 780 2554 Ι
793 2490 864 2541 firoul
876 2489 911 2539 srt.

290 2571 335 2619 So.
346 2570 461 2627 Profeiio,
473 2580 500 2617 ut
513 2566 519 2634 Ι
532 2570 625 2631 loquor,
638 2585 673 2617 reo
686 2566 693 2635 Ι
705 2571 740 2619 itu
750 2573 791 2619 est·
813 2572 883 2618 Aur.
893 2570 942 2631 Jup
956 2565 961 2634 Ι
976 2569 1036 2631 piter
1045 2577 1069 2615 te

345 2650 437 2697 Perdat.
464 2652 508 2698 So.
526 2650 591 2697 Ouid
605 2646 612 2714 Ι
625 2650 684 2698 maii
693 2650 756 2709 sum,
768 2652 824 2698 here
836 2646 843 2715 Ι
856 2660 897 2697 tua
906 2665 936 2697 ex
949 2664 972 2697 re
986 2646 991 2713 Ι
1005 2644 1165 2711 promeritus?

264 2732 336 2781 Aur.
349 2730 428 2793 Rogas
438 2744 479 2788 ne,
490 2730 525 2777 im
539 2727 545 2795 Ι
558 2732 640 2793 probe,
651 2732 735 2788 etiam,
749 2727 754 2796 Ι
768 2732 809 2793 qui
820 2727 889 2779 ludos
903 2728 909 2796 Ι
922 2731 979 2777 iocis
990 2730 1049 2777 me?

291 2814 336 2862 So.
348 2812 490 2861 Meritum
501 2809 509 2876 Ι
522 2811 609 2861 Ιεᾶὶω
621 2810 627 2877 Ι
641 2812 704 2861 mihi
716 2812 732 2861 sr
744 2812 787 2861 idi
802 2810 808 2878 Ι
822 2822 846 2860 u
857 2812 1006 2861 festomestr

346 2894 438 2942 Verum
449 2894 515 2946 houd
526 2906 583 2942 men
597 2890 603 2958 Ι
616 2894 671 2951 tior,
682 2908 718 2942 res
731 2891 737 2959 Ι
751 2909 798 2956 que
809 2894 843 2943 uti
854 2894 895 2941 iao
905 2890 911 2959 Ι
924 2903 957 2953 te,
969 2893 1032 2941 dico.

249 3038 346 3106 Video,
358 3038 466 3116 opinor,
480 3060 550 3117 quoe
562 3040 696 3101 haueous
710 3040 753 3101 iili
767 3060 895 3101 numeror
909 3040 1079 3107 innumeros,
1092 3036 1181 3098 uersus
1204 3058 1285 3117 ruy-

248 3133 417 3216 κεχυμένους
439 3135 486 3195 καὶ
505 3137 740 3218 τεταραγμένους,
760 3140 813 3197 (ine
841 3148 930 3198 metro
953 3136 1124 3213 modulisque
1148 3132 1282 3193 insuaves

248 3232 427 3300 diciitabant,
440 3234 489 3292 alii
504 3234 609 3295 miseris
624 3236 713 3293 modis
728 3234 893 3313 torquebant
907 3236 1107 3313 vexabantque,
1121 3244 1154 3292 ut
1167 3234 1204 3289 ad
1225 3252 1283 3291 no·

248 3338 310 3385 tum
325 3327 438 3405 aliquod
458 3338 579 3386 metrum
602 3330 705 3387 invitos
726 3330 888 3407 redigerent,
902 3350 947 3387 eoo
968 3340 996 3388 et
1009 3328 1101 3386 dulces
1115 3328 1164 3384 eiie
1178 3337 1206 3383 et
1220 3327 1282 3383 ele-

249 3436 355 3503 gantes,
370 3434 402 3483 ut
411 3424 501 3485 nescio
513 3445 549 3483 an
563 3426 627 3485 ullis
639 3427 701 3484 aliie
716 3425 849 3485 suavitate
863 3426 1008 3487 concedere
1021 3426 1147 3483 debeant.
1167 3424 1284 3483 Mendu

247 3540 321 3589 vero,
333 3542 396 3599 quae
409 3522 490 3601 plura
505 3523 542 3581 ibi
557 3522 663 3583 sublata
676 3526 778 3595 sunt,sr
794 3526 852 3582 haec
866 3524 955 3583 nostra
970 3524 1004 3581 ad
1017 3522 1102 3581 libros
1115 3522 1203 3581 editos
1216 3524 1283 3580 exi·

247 3639 308 3697 gas,
323 3621 381 3699 ipsa
394 3641 443 3699 per
457 3620 482 3679 so
496 3622 560 3681 satis
575 3627 719 3702 patebunt,
730 3624 835 3682 ratione
849 3622 975 3682 versuum
986 3620 1046 3701 jam
1062 3632 1177 3701 reperta.
1205 3620 1283 3679 Non

247 3718 323 3797 enim
337 3737 412 3775 nunc
421 3718 553 3787 iocusest,
563 3731 596 3777 ot
608 3720 656 3778 ista
666 3720 749 3797 latius
759 3718 924 3798 prosequar:
941 3718 985 3777 sed
999 3719 1079 3779 fierit
1092 3737 1230 3798 uuquam,
1245 3728 1286 3776 ut

247 3813 379 3872 Plautum
390 3814 609 3891 Terentiumque
629 3816 698 3873 lima
718 3816 809 3873 nostru
829 3816 963 3895 expolitos
983 3816 1012 3872 iu
1033 3814 1123 3873 iucem
1138 3815 1232 3879 edam,
1249 3826 1284 3872 et

248 3910 309 3967 haeo
321 3920 350 3968 et
362 3912 417 3968 alia
429 3910 539 3970 infinito
552 3910 814 3997 fufius'tenuiusque
828 3911 946 3970 deduiia
959 3910 1119 3989 conspicies.
1175 3984 1178 3991 Ι

287 3992 360 4084 Cap]
374 4028 420 4068 xv.
443 4008 574 4089 Simidqne
584 4007 674 4081 judico
693 4008 790 4067 malum
809 4008 877 4067 illud
887 4009 1007 4088 opinionis
1019 4008 1071 4085 effe,
1085 4027 1133 4064 non
1146 4020 1257 4065 noeurae
1271 4030 1284 4060 .-

236 4100 343 4176 ficnim
357 4102 384 4160 in
398 4126 426 4163 re
440 4105 526 4183 ffnt,
541 4102 686 4177 curfiaerent
693 4102 801 4184 prooffiz
814 4104 937 4180 Invicto.)
959 4103 1175 4175 Horetora1105
1200 4102 1284 4161 unde
