2817 4859
275 368 280 381 ·
400 339 798 413 LIBERPRIMUS.
896 370 902 378 ·
1067 366 1108 433 er

81 502 288 585 Mercedem
308 509 435 607 gloriae
451 509 590 609 flagitet
604 512 650 584 ab
667 509 736 602 his,
749 535 903 608 quorum
926 530 1042 612 patres
1055 516 1112 589 ess

84 609 202 683 fecerat
220 608 356 706 gloria.
407 610 592 707 Idemque,

154 743 169 782 b
181 734 296 804 Nemo
310 762 366 804 me
378 740 515 805 lacrimis
525 778 650 795 --·-·-·

159 858 287 879 ·--·
301 827 373 891 Cur
387 829 398 889 ἒ
423 826 519 890 volito
533 828 617 892 vivos
631 842 689 913 per
700 847 756 891 om
766 826 879 894 virum.

16 1024 17 1037 χ
88 944 169 1013 tSed
184 942 273 1042 quid
293 944 449 1040 poetas?
488 940 649 1039 Opifices
667 944 747 1041 post
764 962 915 1016 mortem
932 945 1111 1021 nobilitari

16 1040 17 1055 ¹
88 1043 209 1113 volunt.
264 1040 373 1115 Quid
399 1041 495 1114 enim
514 1042 686 1115 tlPhidias
711 1041 765 1114 sui
790 1043 941 1116 srmilem
957 1044 1111 1140 speciem

89 1138 213 1213 inclusrr
242 1141 282 1213 in
316 1143 447 1239 clypeo
471 1140 661 1229 Minervae,
691 1148 800 1213 ecurn
824 1141 1013 1215 inscribere
1038 1166 1112 1217 non

90 1238 220 1313 liceret?
267 1238 376 1313 Quid
402 1238 510 1311 nostri
536 1237 767 1337 philosophi?
803 1265 920 1313 nonne
938 1243 975 1313 in
994 1243 1049 1315 his
1066 1245 1112 1317 li·

91 1337 149 1409 bris
172 1337 266 1435 ipsrs,
295 1338 412 1434 ‘quos
439 1338 596 1411 scribunt
625 1341 670 1411 de
700 1342 960 1412 contemnende
984 1342 1110 1439 glorie,
1159 1434 1165 1441 Ι

91 1552 182 1629 utrius
194 1556 332 1634 imaginem
348 1552 469 1632 effpiciam
488 1555 571 1624 cives,
621 1574 694 1623 mus,
702 1554 751 1612 lib.
760 1554 819 1613 viii.
831 1576 892 1633 cap.
901 1574 946 1631 14.
955 1556 983 1618 6.
998 1568 1026 1615 et
1037 1557 1112 1617 Nos·

93 1635 184 1713 quippe
194 1638 242 1712 qui
256 1646 378 1713 patema
392 1654 487 1693 eorum
497 1636 572 1694 fasta
619 1644 662 1693 ter
675 1637 709 1692 de
724 1635 804 1693 Oret.
820 1636 848 1693 ii.
868 1652 912 1713 17.

90 1716 304 1792 pummm‚quam
326 1718 347 1773 li
369 1717 452 1773 modo
466 1716 574 1794 legatur
660 1724 673 1751 ⁸
695 1716 761 1773 Cum
774 1715 965 1792 inscriberem
983 1718 1110 1791 limeis]

95 1794 177 1853 allero.
620 1797 713 1853 Moris
721 1794 1114 1871 erat,uttisioresnominasru

128 1872 235 1933 bll'errm
254 1898 294 1935 me
314 1878 570 1935 lacrimis-Cur?
622 1876 719 1933 slatuis
732 1876 925 1953 insculperent.
946 1878 1061 1945 Plinius,
1071 1877 1112 1935 H.

95 1952 162 2011 colito
173 1952 245 2030 &ul
266 1958 376 2033 Vulgo,
388 1958 467 2013 Nemo
479 1978 517 2016 me
531 1958 543 2015 I
559 1990 572 2001 -
622 1954 664 2013 N.
679 1956 792 2033 Praefp.
800 1974 827 2033 5.
840 1959 882 2015 ed.
894 1958 953 2013 Par.
978 1960 1113 2035 Pingendi

96 2036 167 2091 trimis
187 2038 301 2104 decoret,
313 2058 366 2095 nec
385 2036 483 2095 funera
506 2038 573 2096 fletu
623 2034 803 2113 fingendique
822 2037 975 2095 conditores
1001 2039 1113 2095 invenies

97 2113 176 2173 Ferit.
209 2117 291 2175 Cur?
315 2122 367 2175 Sec.
402 2118 573 2195 Suppleruut
621 2116 1114 2195 abstrlutaopcra—pmdcmitituloie·

98 2196 135 2253 rel
147 2216 178 2252 ex
190 2196 298 2272 hujusce
313 2198 376 2255 libri
390 2216 452 2275 cap.
465 2216 515 2275 49.
531 2199 572 2256 vel
611 2196 743 2275 scripfiffl,
753 2209 783 2255 ut
796 2200 910 2273 Apelles
922 2199 1053 2267 faciebat,
1064 2214 1116 2257 aer

98 2295 128 2333 ex
143 2276 207 2333 libri
229 2279 263 2334 de
286 2272 428 2335 Seneslutc
447 2298 511 2355 cap.
525 2296 572 2337 20.
622 2276 786 2352 Polycletus.
816 2280 932 2335 Basilius
944 2281 978 2337 de
993 2281 1114 2347 Socrate,

98 2354 174 2411 Nam
184 2356 256 2430 Reg.
269 2358 309 2413 ita
321 2360 366 2415 «lar
379 2370 409 2415 ut
425 2358 573 2427 edidimus,
622 2356 709 2413 Hom.
721 2357 906 2434 xriv.p.577.
916 2360 1025 2416 ed.Par.
1038 2354 1114 2413 'Ern-

100 2444 128 2490 et
138 2432 261 2492 Ciceroni
273 2436 427 2495 dimidiatos
439 2437 572 2505 versus,sr
622 2431 736 2513 γράψαι
766 2436 793 2492 δὲ
822 2434 863 2514 τῷ
889 2434 1009 2513 μετώπῳ
1030 2434 1115 2513 λέγε-

100 2514 181 2571 modo
193 2516 248 2573 noti
266 2517 375 2587 suerint,
387 2516 499 2576 laudare
516 2538 573 2576 non
622 2534 681 2583 rm,
695 2507 785 2595 ὥσπερ
805 2519 1016 2572 ΑΝΔΡῙΑΝΤΙ
1036 2520 1115 2575 Tou

100 2593 136 2651 esi
148 2594 307 2657 muitarum.
625 2600 889 2663 ΔΗΜΙΟΥΡΓΟΝ,
903 2595 915 2653 i
929 2596 1003 2654 δεῖνα
1022 2594 1114 2654 iuria.

135 2682 145 2708 ⁸
165 2674 215 2733 scd
223 2677 284 2755 quid
295 2688 390 2755 poetas
402 2678 426 2751 ?]
448 2678 520 2757 Reg.
534 2680 573 2737 E·
625 2676 698 2732 Vide
720 2678 752 2733 srs
771 2676 856 2733 etiam
870 2678 1004 2734 Tzetzem
1027 2678 1055 2734 in
1076 2678 1123 2735 E·-

100 2751 167 2813 liens.
186 2767 246 2815 ten.
262 2771 289 2815 et
303 2756 411 2816 Balliol.
441 2756 493 2817 Sed
512 2758 577 2837 quid
623 2755 686 2832 pist.
711 2775 797 2831 quam
821 2756 926 2832 publici
950 2756 1023 2832 juris
1049 2751 1116 2813 fecit

102 2840 190 2908 putas?
218 2839 341 2915 Recepta
364 2852 459 2897 tamen
482 2839 574 2907 lestio,
624 2835 758 2893 Kullerus
778 2836 813 2892 ad
835 2837 949 2893 saidam
974 2838 1003 2893 in
1028 2836 1117 2895 Aume'·

103 2916 575 2997 quamservantMed.Balr.aliique
625 2930 710 2993 ppwr,
736 2926 770 2972 ut
796 2926 825 2971 et
850 2917 926 2972 Chil.
955 2917 1015 2973 viii.
1044 2932 1114 2989 930.

104 2994 204 3065 codices,
229 3000 298 3056 milri
332 3000 424 3075 potior
457 3000 574 3059 videtur.
625 2996 697 3053 Haec
708 2995 771 3052 sunt
783 2995 816 3052 iis
830 2996 964 3063 addenda,
975 3015 1039 3070 quae
1048 3016 1115 3052 con·

105 3072 145 3130 Sic
156 3075 219 3134 insra
232 3080 263 3137 ii.
281 3080 327 3139 16.
356 3078 410 3137 Sed
421 3080 490 3154 quid
504 3082 574 3138 hos?
625 3076 701 3151 gessit
714 3076 810 3151 Marq.
825 3076 935 3133 Gudius
952 3077 987 3133 ad
1008 3076 1118 3135 Phaedri

102 3152 180 3228 quibus
200 3158 369 3237 Ohmpiorum
388 3160 497 3217 vitimia
516 3180 575 3217 cen-
625 3156 675 3213 lib.
689 3175 717 3213 rr.
732 3157 802 3213 Prol.
819 3174 846 3213 2.

96 3232 186 3306 stim
199 3242 248 3297 dre.
668 3234 677 3273 ¹
697 3240 772 3310 Qus
781 3234 900 3312 scribunt
912 3236 943 3293 dc
962 3251 1118 3294 centemnen-

137 3310 150 3351 l
167 3316 268 3377 Phidias
284 3318 330 3398 sui
342 3318 453 3396 firrrilem
470 3321 576 3397 speciem
624 3316 661 3375 da
677 3317 772 3393 gloria,
783 3315 837 3392 sua
850 3317 950 3374 nomina
966 3316 1117 3393 irfiribum]

104 3394 313 3478 susustinrlypeo
321 3401 473 3472 Minerva]
494 3402 577 3459 Hanc
627 3399 693 3455 Huc
717 3397 828 3473 respicit
850 3397 1053 3473 Hieronymus,
1067 3398 1118 3453 lib.

107 3472 228 3537 historiam
255 3481 338 3537 refert
362 3480 522 3539 Aristoteles
543 3483 578 3539 de
628 3477 670 3537 iii.
691 3478 805 3536 Comm.
820 3476 851 3533 in
871 3477 958 3553 Epist.
974 3478 1009 3533 ad
1023 3477 1119 3534 Galat.

109 3557 206 3626 murco,
218 3580 279 3637 cap.
295 3560 324 3617 6.
358 3560 427 3637 Ejus
441 3563 523 3619 verba
542 3563 578 3619 fic
628 3568 698 3615 torn.
710 3559 749 3614 ri.
764 3576 792 3633 p.
809 3572 874 3634 155.
894 3559 937 3614 ed.
952 3559 1013 3614 Par.
1032 3559 1119 3628 1624.

108 3630 196 3693 Latine
206 3642 291 3698 reddit
306 3642 454 3717 Apuleium
470 3660 497 3716 p.
512 3642 578 3717 746.
631 3638 723 3695 Videas
731 3636 858 3714 plcrrffquc
872 3637 954 3715 (quod
963 3638 1039 3694 etium
1055 3637 1081 3692 T
1078 3635 1120 3691 ul·
1188 3695 1192 3704 ¹

106 3712 203 3774 edlu.
210 3720 327 3778 Phidiam
333 3720 497 3779 illum-vidi
501 3721 579 3798 ipsein
628 3716 677 3775 lius
690 3718 742 3788 ait)
754 3716 892 3792 librosstror
904 3717 936 3774 de
944 3714 1121 3774 contemnenda

106 3791 176 3871 clypeo
188 3798 580 3879 Mmemrae—-orisſsrifimilitu-
624 3797 712 3874 gloria
734 3796 908 3873 inscriberem
928 3796 1004 3874 σαψ
1028 3795 1122 3871 gloriae

107 3870 176 3933 dim
192 3880 322 3959 rolligrssm
333 3884 373 3939 ita
386 3894 415 3939 ut
425 3882 509 3958 stquis
521 3880 580 3937 olim
624 3877 721 3955 proprii
739 3877 845 3935 nominis
867 3872 951 3933 titulos
966 3889 1121 3953 prevastare.

107 3954 198 4025 “llicit
209 3962 324 4039 voluffr
336 3960 425 4020 exinde
444 3961 579 4039 imaginem
628 3958 708 4015 ldem
724 3966 803 4014 notet
816 3957 943 4013 Valerius
963 3956 1120 4025 Maximus,

100 4030 214 4108 separare,
215 4041 304 4117 soluta
313 4056 441 4119 compage,
445 4040 581 4118 fimulacri
629 4038 679 4095 lib.
694 4038 753 4094 viii.
763 4057 825 4113 cap.
839 4054 885 4107 14.
900 4054 930 4107 3.
944 4044 1001 4092 ext.
1032 4036 1121 4093 Gloria

109 4113 171 4173 mim
188 4121 344 4181 incolumitas
364 4121 485 4179 interiret.
525 4122 582 4179 Eo-
628 4116 711 4177 mab
729 4116 769 4173 bis
786 4113 896 4192 quidem,
912 4116 957 4192 qui
974 4129 1121 4173 conumtum

109 4190 163 4253 (lem
180 4200 325 4282 respiciunt¹
336 4200 466 4263 valerius
485 4200 583 4263 Maxi·
628 4198 683 4271 ejus
699 4194 855 4275 introducere
865 4214 998 4264 mmmm,
1011 4196 1120 4272 negligi-
