2817 4859
320 387 324 393 ’
401 375 560 487 ursus
587 417 844 487 aurursus.
1073 437 1131 504 η.

101 586 187 662 θαι
224 582 340 686 gloria
380 602 582 660 commotus
621 580 801 684 Epicurus
843 587 1029 660 exoritur:
1072 587 1133 660 tui

99 686 268 777 etiamsi
294 683 375 760 Diis
400 679 529 783 placet,
553 687 695 758 uidetur
715 686 852 783 semper
877 685 1023 783 Sapiens
1048 687 1134 759 bea·

99 803 171 862 tus.
223 784 299 857 Hic
328 784 501 883 dignitate
528 785 634 883 hujus
659 784 842 857 sententia
876 786 1035 882 capitur:
1073 785 1134 858 sed

100 906 289 982 nunquam
306 883 345 956 id
369 884 564 968 diceret,s1
590 884 663 982 ipse
691 884 726 956 se
751 884 900 956 audiret.
953 885 1053 976 Quid
1082 879 1133 957 cll

100 983 213 1070 enim,
239 986 337 1080 quod
365 983 483 1056 minus
510 984 713 1073 conveniat,
737 1003 843 1078 quam
868 1001 909 1054 ut
936 981 978 1070 is,
995 983 1057 1080 qui
1075 987 1135 1057 vel

100 1083 283 1157 summum
317 1084 374 1155 vel
405 1083 521 1155 solum
555 1084 690 1155 malum
725 1083 887 1162 dolorem
920 1083 990 1154 ell'e
1023 1081 1134 1168 dicat,

99 1181 199 1256 idem
217 1179 370 1270 censeat,
385 1197 401 1228 ²
418 1182 526 1272 Quam
542 1181 603 1253 hoc
608 1185 723 1276 suave
740 1183 794 1275 est,
812 1179 1134 1254 tumcumdolore

100 1281 293 1370 crucietur,
320 1281 506 1354 didlurum
530 1283 600 1354 etse
625 1281 857 1378 Sapientem?
911 1281 999 1353 Non
1025 1279 1134 1379 igitur

99 1403 147 1453 ert
169 1380 319 1478 fingulis
344 1381 494 1454 vocibus
521 1379 725 1478 philosophi
752 1379 935 1478 speeiandi
962 1380 1055 1470 sunt,
1075 1381 1147 1472 sed,

100 1502 147 1555 cx
164 1479 402 1579 perpetuitate
419 1497 526 1578 atque
544 1478 752 1552 constantia.

149 1579 221 1653 Xl.
251 1580 296 1651 Α.
318 1579 481 1652 Adducis
511 1602 581 1663 me,
609 1597 651 1650 ut
678 1578 745 1651 tibi
772 1576 960 1652 assentiare
987 1577 1047 1652 sed
1073 1595 1135 1656 tus

101 1701 250 1778 quoque
267 1676 349 1751 vide
376 1703 421 1750 ne
447 1679 663 1751 destdetetur
687 1677 896 1751 constantia.
947 1677 1007 1750 M.
1031 1679 1135 1751 Quo-

102 1801 185 1851 nam
212 1779 352 1851 modo?
405 1778 451 1850 A.
478 1778 573 1852 Quia
600 1777 673 1874 legi
698 1792 803 1850 tuum
829 1795 945 1873 nuper
969 1793 1138 1872 quartum

103 1879 148 1950 de
174 1874 351 1951 Finibust
378 1877 417 1949 in
441 1898 484 1949 eo
510 1870 600 1950 mihi
617 1878 797 1966 videbare,
814 1890 938 1948 contra
962 1875 1137 1950 Catonem

101 1976 284 2067 differens,
302 1976 373 2050 hoc
389 1977 481 2048 velle
506 1977 704 2061 ostendere,
722 1977 845 2074 equod
871 1974 960 2048 mihi
987 1975 1135 2072 quidem

101 2078 266 2174 probare,
284 2075 375 2149 inter
390 2077 576 2150 Zenonem
600 2092 636 2148 et
663 2073 916 2173 Peripateticos
934 2073 1024 2148 nihil
1041 2099 1137 2173 prae·

101 2193 155 2248 ter
171 2176 364 2248 verborum
382 2175 577 2248 novitatem
595 2173 768 2248 interesse.
812 2175 924 2248 Quod
940 2176 968 2246 st
991 2173 1041 2247 ita
1058 2175 1134 2263 est;

102 2273 191 2372 quid
218 2274 270 2347 est
294 2273 422 2364 caulae,
439 2275 539 2371 quin,
562 2273 591 2346 fi
616 2270 771 2347 Zenonis
797 2272 921 2346 rationi
949 2271 1135 2346 consenta-

102 2399 213 2448 neum
229 2374 285 2461 stt,
304 2373 384 2446 satis
401 2397 567 2471 magnam
583 2371 660 2445 vim
682 2371 720 2444 in
736 2373 867 2444 virtute
883 2372 952 2444 else
970 2374 1014 2444 ad
1032 2374 1135 2446 beate

101 2471 327 2557 vivendum3
355 2472 460 2545 liceat
486 2473 582 2544 idern
611 2468 854 2570 Peripateticis
880 2470 1024 2545 dicere?
1058 2491 1135 2546 rem

102 2569 201 2644 enim
218 2566 348 2670 opinor
364 2571 515 2668 speslari
538 2579 712 2670 oportere,
731 2593 804 2643 non
824 2572 953 2644 verba.
996 2564 1056 2643 M.
1074 2565 1135 2647 Tu

102 2669 253 2770 quidem
271 2668 438 2744 btabellis
463 2665 657 2769 obsignatis
679 2667 754 2767 agis
780 2673 937 2754 mecum,
954 2688 991 2743 et
1006 2665 1135 2744 testifi-

103 2765 194 2844 caris
212 2768 303 2868 quid
320 2763 473 2844 dixerim
490 2770 684 2866 aliquando
699 2787 761 2842 aut
777 2767 986 2865 scripserim.
1039 2770 1135 2845 Cum

101 2869 178 2943 aliis
210 2867 278 2941 isto
311 2871 433 2957 modo,
460 2867 525 2965 qui
555 2867 696 2966 legibus
725 2867 897 2965 imposttis
927 2869 1133 2966 disputante

101 2990 168 3042 nos
189 2967 229 3040 in
254 2967 350 3041 diem
367 2967 548 3041 vivimus:
575 2969 817 3064 quodcunque
840 2967 977 3039 nostros
996 2965 1134 3057 animos

100 3065 354 3166 probabilitate
370 3065 556 3237 perculsu,
573 3067 612 3139 id
637 3059 816 3140 dicimus:
844 3062 964 3164 itaque
990 3062 1053 3139 soli
1075 3065 1134 3140 su-

101 3191 182 3241 mus
204 3163 321 3239 liberi.
405 3189 506 3240 erum
526 3183 659 3253 tamen,
676 3155 846 3263 quoniam
871 3157 917 3240 dc
937 3162 1135 3242 constantia

100 3266 211 3362 paulo
226 3281 310 3338 ante
326 3263 495 3350 diximus,
513 3291 587 3352 non
610 3291 679 3363 ego
703 3265 773 3338 hoc
800 3265 882 3336 loco
908 3263 946 3336 id
967 3289 1133 3362 quaerens
1241 3298 1243 3308 ¹

101 3365 190 3438 dum
218 3381 322 3462 puto,-
348 3387 520 3438 verumne
554 3365 612 3454 stt,
641 3367 740 3463 quod
777 3364 913 3436 Zenotd
946 3366 1133 3464 placuerit,

97 3465 271 3564 quodque
296 3461 372 3562 ejus
394 3462 550 3538 auditori
567 3460 895 3555 Aristoni,bonum
920 3463 989 3536 else
1015 3459 1131 3540 solum

139 3776 155 3806 ¹
178 3767 267 3846 Quum
285 3765 332 3825 boc
342 3765 432 3843 fauce
449 3763 497 3843 est]
520 3761 595 3824 Vide
681 3759 699 3802 ⁸
722 3757 837 3821 rotatu
854 3755 991 3842 nlstgnutit
1011 3753 1069 3838 agir
1083 3773 1135 3820 nn-

99 3869 152 3908 no·
166 3849 203 3908 ad
217 3843 267 3907 lib.
282 3849 313 3905 ii.
327 3858 389 3926 cap.
406 3860 434 3924 7.
642 3839 715 3920 cnm]
749 3843 800 3901 Me
819 3839 984 3921 scriptorum
1006 3855 1134 3900 meorum

141 3937 156 3968 ⁸
171 3927 442 4008 {nodmibiquulen
462 3917 593 4006 probare]
643 3923 801 3984 testimonio
811 3925 960 4000 redarguis.
982 3923 1135 4002 Metspho·

76 4007 354 4086 ‚Vulgmprobutttn
380 4007 596 4066 Masathat.
645 4024 676 4064 rat
696 4004 782 4063 dubia
801 4005 838 4064 est
858 4021 875 4062 tt
895 3999 1067 4082 Syogtaphls
1083 4019 1135 4062 atu⁴

99 4090 263 4169 probaretur.
283 4085 595 4164 AtReg.etPithoean.
645 4087 715 4144 nolo
736 4088 779 4143 uel
807 4099 894 4143 manu
917 4085 1041 4160 signatis,
1064 4087 1155 4161 qust'

95 4169 309 4250 prodarathd
328 4170 375 4230 cl.
388 4167 517 4228 flendos
532 4165 597 4245 jttte
644 4167 839 4328 thhcnussrunt
861 4163 971 4226 odilone
991 4157 1136 4246 proferunt

102 4251 221 4330 Placuit·
269 4323 273 4329 ¹
692 4247 723 4307 li·
760 4303 765 4312 .
