2817 4859
352 1003 813 1132 -nuunont

86 1371 219 1498 Qum
247 1403 306 1472 nsi
330 1403 364 1470 te
393 1425 507 1469 meeee
529 1401 698 1468 tenentur
722 1401 860 1468 sennen
884 1403 1123 1474 emendationes

86 1509 242 1576 hedenus
263 1504 391 1571 ineditae
416 1526 435 1569 e
463 1501 575 1568 codice
602 1501 812 1569 Bibliothecae
837 1504 974 1590 publice
1000 1506 1121 1574 Centa-

86 1609 263 1698 brigienfis,
278 1609 346 1673 Nn.
360 1625 394 1693 3.
409 1624 463 1688 40.
479 1605 612 1692 fignam,
628 1604 799 1669 maximam
821 1618 945 1694 purtem
959 1606 1123 1698 descripte

86 1716 172 1782 sunt.
196 1713 322 1778 Ceteris
336 1733 354 1776 e
369 1711 443 1774 MS.
458 1707 667 1774 Bibliotheoae
681 1709 766 1776 coll.
778 1709 1010 1776 SS.Trinitutis
1025 1712 1121 1778 Cant.

89 1817 294 1898 derivantur3
321 1837 400 1903 quas
423 1813 564 1878 asterisco
586 1813 709 1901 praefigi
730 1825 878 1878 curatum
902 1813 958 1880 est.
1000 1817 1045 1880 Et
1064 1815 1125 1881 lus

87 1919 220 2007 quidem
235 1930 327 1984 notas
341 1917 374 1983 in
388 1917 479 1984 usum
489 1916 604 1982 Davisii
617 1915 695 1980 olim
709 1913 902 2002 conscriptas
913 1914 1014 1999 fiisse,
1026 1914 1123 1983 fidem

90 2020 216 2088 faciunt
229 2043 305 2109 quse,
322 2043 361 2086 ex
377 2017 615 2108 praefationibus
635 2017 782 2084 secundae
800 2032 836 2084 et
856 2018 959 2084 tertie
975 2017 1049 2086 edd.
1064 2018 1123 2086 de-

88 2124 202 2210 inceps
216 2121 355 2212 subjedia
368 2122 467 2186 habes
478 2147 487 2187 ε
500 2157 587 2171 --

131 2223 195 2291 Ed.
211 2224 272 2290 see.
296 2223 420 2288 “Meis
435 2221 521 2287 notis
541 2220 690 2290 omnibus
711 2213 810 2308 peselo
831 2221 948 2308 peratis
968 2223 1124 2291 reeenfio·

88 2331 115 2366 “
129 2347 204 2390 nem
226 2324 324 2400 suam,
339 2345 435 2409 quam
451 2322 637 2410 plerumque
651 2321 775 2408 sequor,
790 2320 870 2388 mihi
884 2321 917 2387 in
931 2345 1045 2388 manus
1059 2339 1124 2390 tra·

91 2423 215 2490 “didit
241 2422 464 2489 celeberrimus
492 2423 531 2488 R.
558 2421 744 2502 Bentleius3
775 2421 945 2510 secumque
968 2423 1073 2489 statuit
1093 2424 1127 2490 in

91 2533 117 2570 “
130 2525 451 2593 animadversionibus
465 2524 541 2588 huic
555 2524 636 2590 libro
651 2521 864 2612 adjungendis
877 2523 1040 2590 ostendere
1053 2525 1126 2614 qui·

93 2635 117 2670 “
132 2631 195 2694 bus
209 2625 426 2691 fundamentis
440 2625 522 2691 nixae
536 2625 595 2690 fint
609 2623 849 2690 emendationes
862 2625 936 2692 sure.
972 2625 1037 2692 Sed
1050 2651 1127 2695 eum

93 2737 118 2772 “
131 2729 355 2796 eruditissimus
369 2727 423 2792 ille
434 2728 480 2822 vir
493 2725 602 2792 multis
614 2725 752 2814 negotiis
765 2725 846 2792 adeo
857 2727 895 2792 fit
904 2727 1076 2816 impeditus
1090 2745 1127 2795 ut

94 2839 118 2874 “
133 2829 292 2921 promissts
311 2830 387 2894 stare
408 2852 474 2894 non
495 2827 597 2916 possit,
613 2825 668 2892 isto
690 2825 852 2892 Thesauro
872 2850 979 2894 careus
1000 2843 1129 2916 oportet

95 2942 120 2976 ‘g
135 2937 143 2949 '
316 2933 323 2946 “
497 2934 518 2961 ’2

134 2932 534 3121 Eprtaeeiint‘ligffiniiiam
559 3051 625 3094 non
648 3049 767 3117 paucas
794 3027 1034 3098 emendationes
1058 3055 1128 3101 me.

94 3143 119 3179 “
132 3133 346 3224 morarique
360 3132 618 3222 perspicacissimo
632 3131 747 3196 summi
757 3129 896 3196 Bentleii
908 3131 1129 3204 debenturm·

95 3245 120 3281 “
134 3235 253 3326 genio;
282 3235 448 3324 pluresque
473 3255 695 3315 memorarem,
719 3234 740 3298 fi
766 3233 813 3300 vir
836 3233 1072 3319 celebenimus,
1093 3255 1132 3304 ut

95 3348 120 3384 “
136 3341 241 3404 faeere
262 3338 420 3417 statueret,
443 3337 476 3402 in
499 3334 831 3402 Animadversionibus
853 3336 931 3402 huic
952 3337 1034 3404 libro
1056 3340 1131 3406 sub·

96 3437 309 3529 “jungendis
331 3437 510 3504 ostendisset
530 3437 645 3526 quibus
666 3436 884 3502 fundamentis
905 3437 987 3504 nime
1000 3439 1131 3507 fuerint.

96 3539 226 3605 “Cum
246 3551 354 3604 tamen
376 3559 415 3602 ea
437 3537 507 3624 spes
528 3535 695 3602 decorasset
706 3561 718 3618 3
740 3535 859 3600 miritae
879 3535 1034 3603 leetionee
1054 3561 1134 3626 quae

97 3646 121 3682 “
136 3639 191 3706 ille
206 3639 401 3727 recipiendus
417 3638 577 3728 judicarat
590 3660 610 3702 a
624 3636 686 3704 fide
707 3637 859 3706 codicum
870 3639 1012 3728 pendere
1024 3639 1132 3707 decla·

98 3749 124 3784 “
139 3743 276 3808 ravimus
289 3743 378 3808 &ef

141 3845 291 3933 Quorum
308 3843 453 3910 locorum
475 3842 559 3908 inter
580 3843 610 3907 se
631 3841 868 3929 comparatione
881 3843 978 3925 freis,
992 3859 1030 3911 ut
1043 3859 1076 3912 et
1096 3870 1136 3914 ex

98 3946 186 4012 uotis
205 3944 287 4033 ipsis,
302 3958 392 4032 patet
414 3945 574 4010 Davifium
597 3965 616 4008 a
638 3943 786 4010 Bentleio
802 3945 1052 4013 Turedonnum
1078 3973 1136 4016 ex-

97 4047 223 4135 emplar
236 4047 444 4114 emendatum
466 4046 628 4136 aceepiffe,
642 4071 708 4136 quo
729 4049 771 4112 ad
791 4048 953 4115 edendum
972 4063 1117 4121 uteretur
1126 4081 1137 4135 ;

81 4149 203 4240 ,ipsum
232 4163 340 4218 autem
366 4149 547 4219 Bentleium
573 4150 842 4219 observationibru
868 4153 980 4242 prime
1006 4153 1140 4223 editioni
