2817 4859
447 318 600 379 risun
627 318 829 395 turnus,
1115 326 1153 404 ⁶5

111 470 388 565 sevocavissent,
407 477 587 574 essentque
616 476 651 549 in
674 478 882 577 corporibus
910 478 1073 553 humanis
1097 479 1152 554 vi-

110 589 185 643 tans
215 570 352 647 imitati
378 576 539 664 deomm,
572 575 624 649 bis
641 570 695 651 'ad
725 578 815 665 illos,
842 604 863 651 a
888 579 1017 675 quibus
1043 581 1152 653 client

111 672 286 766 proferiti,
315 672 467 745 reditum
495 675 634 747 facilem
662 693 792 773 patere.
843 678 966 775 Itaque
990 703 1149 751 comme-

112 789 243 857 morat,
268 787 338 843 ²ut
361 772 483 871 cygni,
501 772 562 870 qui
588 798 659 845 non
686 776 758 845 fine
785 775 887 847 causa
904 776 1065 871 Apollini
1091 778 1148 849 di-

12 920 13 953 .
112 868 181 939 cati
199 869 300 959 sunt,
318 870 377 943 sed
395 872 495 968 quod
513 874 557 945 ab
584 898 626 943 eo
652 872 911 945 divinationem
936 875 1062 945 babere
1090 876 1146 947 vi-

113 967 278 1053 deantur,
305 994 377 1065 qua
402 967 628 1065 providentes
655 970 741 1068 quid
772 971 809 1042 in
840 991 953 1045 morte
981 973 1066 1045 boni
1091 976 1146 1060 fit,

114 1089 193 1137 cum
220 1083 337 1140 cantu
361 1084 397 1139 et
421 1072 604 1165 voluptate
630 1070 851 1153 moriantur;
879 1070 928 1141 src
952 1069 1146 1145 bomnibus

112 1164 211 1235 bonis
230 1184 269 1236 et
297 1166 416 1239 donis
442 1168 508 1238 elle
536 1166 750 1241 faciendum.
803 1168 884 1241 Nec
904 1194 986 1240 vero
1011 1171 1055 1241 de
1074 1170 1145 1243 hoc

111 1262 302 1359 quisquam
320 1263 481 1337 dubitare
505 1266 630 1362 pollet,
651 1264 715 1337 nisr
734 1266 830 1339 idem
848 1267 951 1340 nobis
967 1269 1146 1341 accideret

109 1359 303 1457 diligenter
331 1366 374 1437 de
404 1364 523 1436 animo
553 1366 807 1461 cogitantibus,
838 1368 936 1461 quod
967 1365 1023 1438 his
1052 1368 1144 1465 saepe

110 1458 306 1548 usuvenit,
325 1461 415 1559 cqui
441 1487 526 1535 cunr
551 1463 677 1536 acriter
702 1464 816 1536 oculis
841 1462 1069 1539 deficientem
1087 1468 1142 1539 so·

147 1657 502 1739 'Utcygni-muriantur]
518 1660 601 1717 Lam·
652 1660 758 1718 Plinius
785 1673 889 1727 tamen,
910 1662 950 1719 H.
973 1662 1014 1723 N.
1040 1686 1066 1721 x.
1095 1685 1143 1739 23.

109 1735 172 1793 bino
186 1738 364 1797 scribendum
379 1740 488 1798 uidetur
506 1741 602 1817 rygrun
655 1741 760 1798 Olrrum
780 1744 807 1798 r'n
820 1756 896 1798 morte
909 1758 1034 1800 narratur
1043 1744 1144 1816 flebilis

111 1818 150 1874 Al
162 1820 275 1877 Servius
292 1822 328 1877 ad
343 1820 415 1880 AEn.
430 1820 447 1877 i.
462 1838 531 1896 593.
552 1839 600 1875 vn·
651 1823 734 1878 caurio
745 1845 754 1877 .·
766 1822 848 1897 jafi,
866 1832 896 1878 ut
915 1821 1027 1879 arbitror
1046 1825 1144 1903 aliquot

112 1920 412 2057 u.
428 1901 601 2059 nutu:
649 1902 1144 2060 intuo

111 2056 210 2117 durus:
232 2060 601 2139 Leg.quufiprovidentrs-
649 2082 754 2130 naeum,
779 2063 828 2119 lib.
850 2064 887 2119 ix.
914 2082 979 2141 pag.
1004 2082 1072 2139 393.
1097 2068 1140 2123 ed.

111 2154 258 2199 cumcontra
276 2156 301 2198 et
320 2140 455 2219 voluptate
473 2142 599 2199 moriun·
649 2142 741 2219 Lugd.
776 2143 920 2210 AElianus,
934 2144 970 2199 V.
986 2144 1026 2200 H.
1044 2146 1073 2201 ii.
1094 2164 1139 2219 14.

111 2228 164 2275 tur.
204 2221 243 2277 Et
262 2220 402 2279 moriuntur
420 2219 518 2279 diserte
536 2222 599 2296 qui·
648 2234 675 2279 et
689 2222 832 2279 Lucienus
845 2225 879 2281 de
893 2223 1012 2293 Eleblro,
1026 2236 1095 2282 torn.
1108 2226 1140 2285 ii.

111 2300 175 2355 dem
190 2300 300 2358 Balliol.
339 2301 397 2359 Hic
412 2312 505 2359 autern
521 2301 599 2357 locus
648 2321 714 2379 pag.
726 2303 958 2377 371.ed.Arnst.

41 2392 79 2462 &r
111 2398 147 2433 ex
161 2378 421 2439 Platonisffidon.
436 2402 464 2459 p.
496 2382 513 2439 8
537 2383 598 2439 .ed.
688 2380 702 2418 b
735 2380 860 2438 Omnibus
885 2380 955 2437 bonis
987 2394 1011 2437 et
1044 2377 1138 2457 dorus]

46 2449 57 2467 ⁴
114 2458 210 2533 Lugd.
240 2460 276 2515 est
300 2461 441 2537 expreffus.
470 2394 597 2527 adiuba,
648 2462 754 2536 Vulgo,
767 2460 880 2517 omuibus
895 2471 922 2517 et
935 2460 1138 2521 bonisctdutiis.

113 2556 180 2613 quie
211 2540 291 2597 etiam
324 2542 429 2618 profert
462 2542 597 2606 Stobaeus,
647 2542 725 2599 Mihi
748 2542 836 2608 duces!
856 2538 918 2597 sunt
942 2541 1014 2617 Reg.
1037 2543 1139 2601 Eliens.

111 2617 197 2678 Serm.
208 2620 278 2677 cxix.
291 2640 358 2699 pag.
369 2622 437 2719 602.
451 2623 493 2679 ed.
506 2622 596 2721 Lugd.
647 2632 710 2679 tert.
731 2622 801 2679 Balr.
822 2622 901 2678 Med.
916 2630 943 2678 et
964 2620 1070 2679 Balliol.
1087 2624 1138 2700 qui

110 2699 144 2755 tic
156 2696 182 2756 se
191 2701 309 2759 habeut:
330 2698 419 2759 ’Aua
432 2698 521 2759 κύκνοι
535 2722 596 2767 ure,
646 2702 776 2759 voculam
790 2702 936 2761 secundam
952 2702 1087 2763 nesciunt.

111 2772 186 2855 eluar,
199 2778 235 2839 rii
244 2776 417 2848 Ἀπόλλωνος
438 2776 504 2849 ὄνῖες
520 2782 596 2857 (vide
686 2791 697 2818 ⁶
718 2783 777 2857 Qui
789 2802 854 2839 cum
869 2782 968 2839 acriter
980 2783 1057 2839 oculis
1069 2781 1138 2839 deli·

112 2858 255 2933 Synefium,
278 2863 367 2921 Dion.
389 2880 454 2939 pag.
493 2878 520 2935 4.
541 2864 593 2934 Α.)
644 2863 762 2919 cientem
781 2862 861 2939 stilum
886 2862 953 2934 tlte]
982 2860 1137 2919 Lambinus

113 2938 271 3075 purprisum
284 2937 386 3079 {iil-{l
400 2880 546 3039 upuudo'rer
557 2938 595 3037 Ιτοὶ
645 2954 741 3079 eontbra
755 2940 984 3079 librlorumlvprslsem
997 2941 1137 3079 dedinlqui

111 3038 595 3180 {itliuzffutlblitlui
644 3042 697 3160 tl}
714 3041 892 3160 ttulit.
906 3112 934 3157 a
951 3040 1068 3159 iliis.
1085 3042 1137 3160 iil

108 3174 477 3262 ρόπωςῆἐντῷὲμπρόθεν
490 3178 594 3261 χρόνῳ.
643 3182 710 3239 bent
733 3182 811 3238 oculis
834 3178 1014 3252 efficientibus,
1038 3201 1070 3239 ac
1094 3182 1136 3240 ita

109 3258 143 3315 Et
154 3279 308 3337 cygnorum
329 3260 492 3339 quidem'in
506 3274 594 3320 morte
643 3262 712 3339 legit
737 3262 826 3339 Jauus
852 3261 1030 3320 Gulielmius.
1081 3264 1135 3320 Ast

108 3350 214 3399 cantum
229 3342 399 3401 testimoniis
417 3341 473 3399 suis
493 3341 593 3400 confir·
643 3344 737 3399 oculos
751 3344 793 3401 vel
808 3342 956 3399 saniffimos
975 3342 1135 3401 dintumior

111 3430 182 3477 nant
201 3435 328 3481 veterum
348 3422 475 3501 plurimi.
517 3422 594 3483 luter
643 3422 704 3480 solis
716 3420 840 3499 aspedlus
850 3432 964 3482 erueret.
986 3424 1064 3481 Hinc
1074 3424 1133 3480 De·

112 3498 172 3557 alius
195 3502 259 3561 ride
286 3504 486 3572 Tlretniliium,
510 3504 591 3562 Orat.
642 3505 776 3560 mocritus

110 3578 181 3637 xviii.
193 3602 258 3661 pag.
273 3600 312 3640 22
314 3600 342 3655 3.
357 3584 400 3642 ed.
416 3584 476 3641 Par.
506 3586 592 3640 Arte·
684 3582 803 3661 Clypeuru
823 3582 947 3658 coustituit
959 3596 1046 3641 contra
1059 3601 1131 3640 exur-

110 3658 248 3729 midorum,
259 3661 361 3721 Oneir.
370 3664 418 3721 lib.
431 3663 460 3723 ii.
470 3682 534 3739 cap.
544 3682 591 3722 20.
721 3677 775 3719 tum
788 3664 937 3742 Hyperionis

107 3740 175 3814 apud
188 3740 282 3812 linem,
296 3754 324 3800 et
337 3744 470 3801 Tzelzem
485 3746 519 3801 ad
535 3744 591 3821 Ly·
685 3744 775 3801 Oculos
789 3742 894 3819 &ordre
913 3758 942 3800 ut
959 3744 1035 3821 ῥιψὶ
1043 3738 1132 3819 spicu-

107 3822 245 3895 cophmuis
275 3822 317 3882 vs.
338 3824 408 3898 426.
459 3822 539 3883 Quin
564 3832 593 3881 et
720 3822 863 3883 doreaerco.
1126 3826 1131 3842 '

107 3902 181 3975 cygni
214 3904 378 3961 moribundi
415 3914 530 3962 cantum
565 3902 590 3960 se
680 3902 727 3961 Ita
740 3902 976 3981 radiisſsrlr'sacr'rm
989 3899 1131 3977 offrirsrtlu·
1179 3929 1181 3936 ·

108 3980 180 4051 plane
192 3982 361 4043 exaudivilse
376 4004 464 4061 nuper
477 3984 590 4041 testatus
719 3985 809 4053 minim

108 4058 143 4112 eil
157 4060 198 4120 Fr.
216 4064 358 4123 Heffelius
379 4064 408 4121 in
430 4062 515 4141 Epist.
531 4064 588 4123 De·
639 4073 672 4121 ut
693 4066 732 4122 ait
754 4064 886 4121 Laberius
903 4062 977 4139 apud
1002 4063 1040 4120 A.
1062 4063 1131 4123 Gel-

12 4170 14 4197 ι
107 4134 157 4195 dic.
182 4142 266 4202 Vibio
290 4144 426 4221 Sequellti
447 4144 589 4223 puemill'a.
639 4145 723 4218 lium,
736 4145 775 4205 N.
788 4146 826 4204 A.
840 4164 867 4203 x.
893 4158 937 4221 17.
971 4142 1072 4281 Nirier
1095 4142 1131 4236 rid

12 4266 14 4273 .
177 4240 180 4244 ·
614 4244 632 4284 u
1039 4234 1130 4281 utonis
