2817 4859
286 384 343 445 ,ιι
494 360 685 425 roscor.
710 357 1096 425 nrsrumrronun
1129 379 1131 385 ,

286 545 444 623 unquam
470 517 607 622 partein
632 520 831 620 attigissent
841 518 856 609 ς’
882 522 1048 621 essetque
1069 538 1195 597 eorum
1223 522 1316 596 alter

288 629 495 723 Cyrenaeus,
521 624 608 695 alter
632 618 877 721 Babylonium
903 622 1121 719 ¹¹nunquam
1145 621 1317 719 profesto

287 722 418 796 scholis
442 724 553 795 essent
569 721 727 811 excitati,
744 744 860 818 neque
877 723 923 794 ad
940 718 1031 793 illud
1048 743 1177 794 munus
1195 720 1317 811 elesii,

289 821 355 895 nist
372 820 409 893 in
426 820 638 919 quibusda-m
655 819 890 919 principibus,
905 820 1125 917 temporibus
1151 819 1233 905 illis,
1254 820 1316 891 fu-

290 920 395 994 issent
410 919 526 992 studia
538 918 735 993 dodirinae:
754 918 830 1017 qui,
843 935 927 993 cum
944 936 1072 993 caetera
1084 918 1194 993 literis
1212 937 1318 991 man-

289 1022 426 1101 darent,
442 1013 502 1090 alii
524 1019 583 1116 jus
609 1019 728 1107 civile,
745 1018 805 1091 alii
833 1019 1008 1091 orationes
1033 1019 1121 1107 suas,
1145 1017 1204 1091 alii
1234 1039 1318 1090 mo-

288 1138 459 1193 numenta
482 1119 678 1214 majorum3
706 1117 798 1189 hanc
816 1117 1063 1215 amplissimam
1078 1118 1241 1191 omnium
1261 1142 1319 1189 ar-

287 1218 381 1291 tium
411 1218 501 1289 bene
527 1216 671 1289 vivendi
702 1214 926 1314 disciplinam
956 1216 1030 1289 vita
1058 1216 1169 1313 magis
1203 1240 1319 1313 quam

286 1316 397 1390 literis
421 1314 594 1413 persecuti
616 1316 709 1388 sunt.
761 1318 885 1413 ltaque
903 1314 997 1387 illius
1015 1340 1107 1388 verae
1123 1314 1319 1411 elegantis

286 1441 359 1513 que
383 1413 620 1513 philosophiae
647 1416 745 1512 (quae
771 1414 882 1487 dueta
897 1438 918 1487 a
935 1415 1078 1487 Socrate
1105 1412 1142 1486 ‘m
1159 1412 1320 1511 leripa

286 1512 404 1587 teticis
420 1514 540 1586 adhuc
564 1512 755 1611 permansit
779 1530 815 1586 et
833 1511 928 1586 idem
944 1512 1014 1587 alio
1031 1515 1141 1586 modo
1159 1511 1320 1587 dicenti-

286 1614 355 1712 bur
381 1612 523 1703 Stoicis,
555 1637 641 1685 cum
668 1610 877 1685 Academici
906 1635 1030 1685 eorum
1059 1612 1321 1685 controversias

288 1711 540 1810 disceptarent)
560 1712 657 1807 nulla
678 1711 752 1784 sere
781 1712 861 1785 sunt
889 1728 950 1784 aut
974 1735 1088 1809 pauca
1117 1712 1320 1785 admodum

288 1810 417 1885 Latina
447 1827 700 1883 monumenta:
741 1809 813 1883 five
846 1826 991 1909 propter
1026 1808 1319 1909 magnitudinem

288 1928 406 1982 terum
421 1909 767 2006 occupationemque
785 1909 986 1994 hominum,
1004 1910 1073 1983 live
1090 1907 1197 1983 etiam
1214 1911 1322 2007 quod

288 2007 461 2105 imperitis
477 2032 519 2081 ea
535 2008 674 2105 probari
691 2009 789 2105 posse
808 2031 878 2081 non
895 2009 1166 2082 arbitrabantur.
1218 2008 1319 2080 Cum

288 2103 433 2181 interim
457 2106 527 2179 illis
552 2106 735 2179 filontibus
751 2105 759 2151 ¹
773 2107 816 2179 C.
834 2106 1036 2181 Amafinius
1061 2104 1236 2183 memrot
1260 2106 1320 2179 di·

328 2334 700 2417 *Nunqranpmfemsemo
709 2336 776 2411 dcc]
826 2331 1163 2435 txoveav-'Eptpuaee
1183 2330 1321 2433 (Κατωη)

287 2416 352 2477 Hoc
366 2418 543 2477 ratiocinium
558 2422 667 2492 (maner
686 2416 779 2494 ignos-
824 2424 881 2485 τοῖς
898 2410 1034 2498 ἄρχουσιν
1053 2438 1092 2475 οτι
1111 2412 1249 2495 τρετῖεδα
1267 2438 1320 2474 κα-

287 2510 353 2557 eant
362 2500 516 2573 Ciceronis)
529 2500 688 2557 insubidum
698 2516 776 2575 pror·
824 2498 907 2575 θηταη
933 2494 1020 2556 mliv
1047 2494 1148 2577 χρόνον
1173 2490 1320 2573 damnem

287 2578 334 2637 sua
356 2580 443 2637 estet
465 2579 777 2644 ficulneumanamne
825 2576 939 2655 despair,
970 2582 1008 2634 01
1034 2580 1124 2633 ΠΕΡΙ
1153 2580 1319 2655 ΠΑΝΤΟΣ

290 2660 407 2717 minime
430 2659 544 2736 quidem
569 2658 695 2723 ostendit,
717 2658 776 2715 Ro·
826 2663 874 2714 OT
908 2661 1134 2724 ΒΟΎΛΟΙΝΤΟ,
1159 2653 1320 2713 ῬΑΔΙΩΣ

289 2758 386 2797 manos
399 2738 602 2816 philosophiam
623 2748 685 2795 tum
705 2746 777 2794 tem·
826 2740 993 2799 ΠΕΙΘΕΙΝ
1008 2736 1218 2795 nummum.
1263 2738 1321 2795 Hit

289 2820 365 2897 porls
387 2820 416 2877 in
436 2820 526 2896 pretio
539 2817 675 2885 habuisse3
698 2818 778 2876 docet
826 2818 982 2877 Critolaum
994 2817 1208 2895 Peripateticum
1219 2836 1321 2874 acoen-

288 2900 465 2959 solummodo
477 2898 557 2957 hosce
569 2898 643 2955 viros
657 2898 698 2955 illi
713 2918 778 2956 mu·
825 2896 874 2969 set,
895 2916 1048 2975 eorumque
1066 2898 1195 2956 omnium
1218 2896 1322 2955 facun-

288 2984 348 3038 neri
361 3001 440 3059 parer
450 2982 487 3037 ab
500 2980 715 3037 Atheniensibus
729 2999 778 3036 ex·
824 2980 901 3037 diam
916 2980 1012 3037 laudat
1026 2980 1066 3036 A.
1078 2978 1197 3045 Gellius,
1219 2978 1264 3036 N.
1280 2981 1320 3035 A.

290 3060 425 3119 illimatoa
451 3058 521 3131 esse3
551 3074 585 3117 ut
608 3070 687 3117 erant
714 3057 777 3131 sane
825 3059 875 3119 vii.
906 3078 951 3133 14.
989 3059 1073 3117 Plura
1098 3060 1206 3115 dabunt
1234 3060 1323 3135 Joan.

289 3151 402 3217 propter
414 3140 524 3197 dicendi
534 3140 705 3206 facultatem,
714 3156 778 3215 quae
827 3136 978 3197 Scheffemr
1006 3148 1034 3198 et
1059 3140 1157 3197 Joach.
1181 3138 1323 3195 Kulrniut

289 3241 355 3279 cum
366 3222 441 3298 apud
453 3219 603 3283 studiorum
615 3220 777 3283 ruderatum
826 3220 862 3278 ad
874 3220 985 3277 AEliarli
999 3220 1038 3274 V.
1050 3219 1091 3279 H.
1105 3220 1154 3276 lib.
1170 3218 1212 3277 iii.
1227 3238 1254 3275 c.
1276 3233 1322 3295 17.

289 3300 363 3378 apud
376 3302 478 3379 peritos
492 3299 553 3356 vim
574 3299 651 3356 suam
669 3296 778 3357 exserit.
868 3296 875 3334 ¹
899 3299 931 3357 C.
944 3297 1117 3373 Amafinius]
1133 3299 1180 3356 Sic
1192 3310 1223 3356 et
1236 3299 1323 3377 paul·

288 3382 449 3439 Audiamus
460 3380 640 3456 Plutarchum
655 3378 707 3436 rit.
721 3378 778 3443 Ca·
825 3379 854 3437 lo
862 3378 921 3457 post
927 3378 1079 3456 Epicureus
1088 3379 1135 3437 iste
1143 3378 1324 3447 nominatur,

289 3468 350 3520 ton.
364 3460 439 3537 maj.
453 3472 524 3519 tom.
539 3460 557 3516 ἰ,
572 3474 639 3536 pag.
652 3476 721 3557 342.
735 3460 777 3517 ed.
826 3470 860 3517 ut
872 3460 969 3528 etiam,
983 3458 1032 3518 lib.
1044 3478 1091 3517 xv.
1104 3460 1184 3517 Fam.
1197 3458 1255 3536 Ep.
1276 3476 1324 3538 19.

288 3542 351 3601 Par.
386 3540 517 3620 Πρὲτῧεις
528 3535 675 3617 Ἀθήνηθεν
689 3540 778 3612 ander
827 3540 907 3599 Alibi
921 3555 986 3597 vero
996 3538 1101 3597 dicitur
1114 3538 1288 3615 Amafarra'us.

289 3622 323 3690 εἰς
335 3615 441 3702 Ῥώμην
455 3623 477 3679 τί
491 3619 549 3700 περὶ
566 3613 721 3699 Καρνεάδην
732 3613 778 3679 τδν
867 3627 889 3655 ¹¹²
910 3618 1016 3694 Aestiua
1038 3620 1146 3693 dicem]
1173 3618 1322 3677 Ultimard

287 3698 493 3781 Ἀκαδημαϊκὸν
519 3696 563 3778 nol
588 3693 704 3776 Διογένη
732 3695 777 3759 rii
827 3715 921 3756 vocem
940 3700 1014 3769 delet
1033 3700 1209 3768 Lambinue;
1233 3708 1264 3755 at
1287 3698 1326 3757 il·

287 3777 410 3843 Στωικδν
441 3778 601 3857 φιλόσοφον,
628 3774 778 3854 καταδδκην
826 3780 881 3837 llus
904 3780 965 3837 loco
985 3779 1156 3837 Gulielmius
1179 3778 1246 3854 legit
1269 3778 1324 3837 Pi-

291 3858 353 3920 τινδ
377 3857 608 3960 ταραιτητδηιενοι
633 3858 668 3917 τῦ
695 3855 776 3938 δήμου
825 3876 891 3917 cetu.
932 3861 1012 3917 Quid
1035 3861 1083 3918 fibi
1104 3860 1192 3917 velint
1206 3856 1324 3916 ‘eruditi

289 3930 778 4019 τῶνἈδηναι’ων,ηνἐρήμηνῶρλον,
827 3942 868 3997 illi
893 3940 955 4001 viri.
982 3940 1065 4017 plane
1088 3940 1188 3999 nescio.
1238 3942 1323 3997 Nam

288 4015 433 4094 ’operior
451 4023 501 4101 μὲν
517 4020 680 4096 διωξάντων,
696 4024 777 4079 Σικν-
826 4020 1013 4079 Amafanlum
1022 4022 1162 4081 Picentem
1173 4018 1324 4077 fuiffenon

290 4098 372 4157 ωνὶων
389 4100 416 4159 δὲ
435 4098 722 4181 καταψηφισαμένων,
736 4098 777 4157 τδ-
825 4097 940 4169 constat,
950 4112 978 4158 et
988 4101 1071 4159 dicens
1080 4102 1228 4159 commode
1239 4120 1324 4179 pror-

288 4200 373 4259 μηηια
405 4178 590 4241 astruxerim
625 4178 776 4242 ταλάντων
824 4180 868 4239 sus
879 4180 930 4239 illis
929 4180 1066 4259 fiscalibus
1074 4182 1240 4261 opponitur.
1261 4182 1323 4237 Lo·-

1212 4260 1321 4339 quendi
