2817 4859
395 370 549 437 LIBER
576 372 836 439 QUARTUS.
1082 372 1136 443 adt

117 530 191 607 fine
223 530 362 605 timore.
415 531 587 607 Quamvis
617 535 703 607 licet
734 533 947 611 infestemur
973 532 1069 617 istos,
1096 552 1140 609 ut

120 633 319 705 Carneades
342 630 498 733 solebat;
523 650 645 705 metuo
671 657 714 705 ne
740 632 803 705 soli
827 632 1028 745 philosophi
1046 634 1138 707 fint:

120 754 202 827 quae
219 728 317 801 enirn
343 728 487 803 istarum
512 728 765 805 definitionum
790 754 863 803 non
888 750 999 828 apent
1025 730 1141 803 notio·

121 854 204 901 nem
220 828 389 917 nostram,
406 852 513 925 quam
533 829 705 903 habemus
732 852 854 903 omnes
871 831 916 903 de
934 827 1141 903 fortitudine

121 927 257 1001 tectam
273 945 380 1021 atque
395 924 622 1002 involutam?
648 952 720 1041 qua
744 944 875 1025 aperta,
901 926 980 1027 quis
1005 928 1055 999 est
1079 927 1143 1023 qui
1254 988 1257 991 .

121 1043 184 1098 aut
199 1026 376 1113 bellatori,
391 1044 453 1097 aut
468 1026 683 1123 imperatum
699 1044 760 1099 aut
776 1024 904 1115 oratori
922 1043 1055 1122 quaerat
1077 1024 1143 1097 ali-

122 1124 240 1221 quid;
257 1148 372 1221 neque
388 1146 449 1197 eoa
464 1122 641 1197 existimet
655 1125 729 1197 srne
747 1122 842 1199 rabie
858 1122 1053 1223 quicquam
1070 1124 1144 1197 for-

122 1224 206 1295 titer
219 1222 334 1295 faceoe
347 1222 472 1319 posse?
507 1221 634 1296 Quid?
665 1221 789 1311 Stoici,
806 1222 869 1319 qui
886 1246 1008 1295 omnes
1025 1220 1145 1318 insipi-

124 1339 223 1393 entes
246 1318 385 1415 insanos
399 1320 469 1391 esse
485 1320 624 1410 dicunt,
641 1344 760 1393 nonne
776 1320 841 1393 ista
856 1320 1032 1430 colligunt
1049 1321 1062 1393 i
1091 1344 1146 1393 re-

124 1440 230 1493 mote
248 1418 540 1515 perturbationes,
555 1418 782 1517 maximeque
806 1418 1049 1493 iracundiamr
1071 1419 1146 1514 jam

124 1517 346 1593 videbuntur
362 1518 518 1600 monstra
542 1517 671 1591 dicere.
723 1518 832 1593 Nunc
858 1536 976 1591 autern
1003 1517 1050 1589 ita
1075 1517 1146 1589 dis-

125 1616 260 1704 serunt,
274 1614 325 1687 fic
343 1614 377 1687 se
394 1612 512 1691 dicere
528 1640 650 1689 ornnes
673 1617 798 1689 stultos
816 1614 976 1703 insanire,
992 1633 1033 1689 ut
1055 1616 1146 1689 male

127 1715 223 1787 olere
245 1738 351 1786 omne
374 1737 532 1789 coenum.
582 1716 634 1789 At
657 1740 730 1792 non
748 1714 906 1811 semper:
934 1738 1145 1799 commove;

129 1811 294 1885 sentiesz.
309 1810 359 1885 fic
390 1810 579 1886 iracundus
604 1838 678 1886 non
702 1814 838 1909 semper
864 1810 971 1883 iratus
993 1813 1068 1884 est:
1096 1813 1147 1883 la-

128 1910 244 1994 cesse3
265 1909 341 2003 jam
357 1910 493 1983 videbis
515 1913 703 1984 fruentem.
752 1907 877 1983 Quid?
905 1908 969 1984 ista
985 1909 1149 1982 bellatrix

128 2007 325 2095 iracundia,
348 2034 433 2081 curn
458 2010 606 2083 domum
630 2009 746 2097 rediit,
763 2006 876 2106 qualis
901 2008 951 2081 est
974 2030 1057 2081 curn
1080 2030 1149 2079 ux·

130 2130 205 2194 ore,
222 2132 307 2181 cum
330 2107 462 2194 liberis,
479 2132 563 2180 cum
589 2107 721 2181 familia
738 2108 749 2179 l
776 2132 820 2183 an
839 2124 914 2179 tum
936 2130 1080 2203 quoque
1097 2107 1149 2179 est

129 2203 256 2278 utilis?
304 2204 367 2277 Est
391 2203 500 2302 igitur
522 2204 670 2302 aliquid,
697 2207 796 2301 quod
822 2207 1023 2301 perturbata
1051 2230 1150 2278 ment

132 2304 259 2401 melius
286 2303 393 2400 poffit
418 2304 545 2392 facere,
575 2328 684 2401 quarn
716 2302 907 2377 constans?
966 2303 1025 2373 An
1053 2302 1150 2398 quis·

132 2426 240 2497 quam
257 2401 372 2499 potest
396 2401 468 2473 fine
485 2400 748 2499 perturbatione
766 2400 892 2472 mentis
909 2400 1038 2471 irasci?
1081 2398 1150 2471 Bo-

133 2523 179 2583 ue
194 2499 306 2600 igitur
321 2499 444 2591 nostri,
459 2513 571 2583 ²curn
596 2500 716 2575 omnia
737 2499 847 2573 essent
869 2499 903 2571 in
922 2495 1080 2571 moribus
1096 2498 1152 2577 vi·

173 2775 187 2804 ⁸
202 2766 268 2825 Cum
280 2767 363 2825 omnia
373 2767 445 2847 ψη
457 2770 483 2825 in
497 2768 619 2826 moribus
666 2767 739 2847 effert
754 2767 783 2825 in
798 2768 900 2827 morbir
912 2766 1154 2832 vitiu-iracundos

135 2847 389 2905 vitia-iracundos
406 2848 475 2925 stilos
502 2847 619 2905 morosos
658 2848 1080 2925 ftlosmorososnominuverunr?
1103 2851 1152 2915 An

136 2927 342 3001 nominaverunt]
369 2928 472 3011 Vulgo,
495 2948 551 2986 cum
568 2948 620 2985 onr-
667 2929 778 3005 putavit
792 2928 899 2993 Cicero,
913 2928 1028 3002 morosrem
1042 2946 1058 2982 a
1071 2924 1154 2987 morbo

136 3008 620 3088 iriaefferrirrmorbirvr'rr‘a-r'racurr·
668 3006 820 3064 dedudhrm
848 3006 915 3064 effes
958 3008 1025 3064 Non
1047 3008 1155 3083 opinor.

134 3084 250 3165 dossolor
264 3087 401 3145 morbosos
419 3090 619 3145 nominaverant.
670 3088 742 3161 Reg.
755 3087 784 3143 r'n
798 3088 910 3144 morbus
922 3087 999 3145 vitia.
1026 3084 1155 3144 Omnino

135 3167 187 3225 sed
216 3170 269 3225 hoc
296 3168 377 3245 plane
408 3166 529 3231 salsum3
564 3188 620 3225 non
669 3166 880 3234 rescribendum,
899 3168 942 3223 uti
963 3168 1075 3242 quidem
1095 3166 1155 3224 edi·

135 3248 211 3305 enim
233 3247 283 3305 soli
308 3248 432 3305 iracundi
455 3246 557 3323 mordofl
577 3250 621 3306 di·
667 3248 770 3311 dimus,
784 3264 839 3302 crem
859 3248 942 3303 omnia
961 3248 1034 3325 effert
1053 3246 1079 3303 in
1093 3264 1156 3303 aro-

134 3340 247 3396 euntur,
259 3326 305 3385 sed
323 3327 406 3385 morbo
423 3326 508 3417 alipta
526 3326 621 3400 r'rffctli,
667 3326 1083 3401 -arrusoitr'a-r'racundossolos
1094 3344 1156 3383 uro·

135 3409 212 3483 quod
233 3408 342 3465 docebit
359 3408 462 3465 Pelius.
497 3408 567 3464 Vide
587 3410 621 3465 fis
671 3424 768 3465 nosos
780 3408 981 3465 ruminaverunt.
1005 3409 1033 3463 A
1047 3405 1157 3462 moribus

136 3498 164 3548 et
191 3491 231 3546 A.
252 3487 386 3553 Gellium,
407 3488 447 3545 N.
466 3491 504 3545 Α.
529 3488 567 3543 ir.
594 3505 621 3546 a.
669 3486 861 3544 enimdicitur
881 3484 992 3563 moruus.
1027 3486 1155 3543 Donatus

137 3568 278 3625 Pithoean.
296 3568 375 3625 Fabr.
393 3568 511 3626 cantab.
529 3567 622 3625 Vatic.
671 3566 702 3622 in
714 3566 838 3623 Terentii
860 3566 961 3641 Hecyr.
974 3565 1039 3623 Ao.
1056 3567 1095 3623 iv.
1111 3564 1157 3623 Sc.

136 3658 195 3704 eta
215 3649 307 3727 prima
327 3666 413 3705 manu
432 3646 549 3706 Petrens.
567 3646 623 3704 ira·
674 3645 703 3703 ii.
720 3662 748 3704 a.
785 3646 878 3702 Mores
895 3646 992 3725 proprie
1004 3646 1095 3724 serrum
1114 3642 1158 3703 di·

137 3726 230 3784 candas
248 3727 316 3805 fiilos
335 3728 454 3785 morosos
477 3728 624 3784 nominave-
672 3735 777 3791 eumer,
801 3722 867 3783 unde
893 3724 1013 3783 senectus
1041 3724 1158 3791 morosa.

139 3821 218 3877 nam
233 3808 309 3884 quod
322 3811 438 3866 omnino
447 3824 552 3865 rerum.
576 3808 625 3863 Se·
672 3819 698 3863 rt
713 3804 807 3862 morosi
823 3806 948 3863 homines
967 3806 1010 3882 qui
1018 3804 1064 3881 sur
1075 3802 1157 3882 cujas-

140 3907 206 3945 neca
217 3888 251 3945 de
262 3889 317 3956 Ira,
328 3888 376 3944 lib.
389 3888 407 3945 i.
419 3906 480 3965 cap.
493 3906 522 3963 4.
556 3886 626 3944 nter
674 3885 734 3943 dum
749 3885 833 3943 morit
843 3884 917 3961 sum.
945 3885 1066 3942 Noniur.
1091 3885 1158 3941 Mo-

139 3966 182 4025 lm
199 3967 372 4042 (iracundos)
391 3968 528 4027 morosum
544 3982 624 4045 ponas
674 3966 733 4023 rosa
744 3966 778 4037 est
790 3964 920 4023 onerariis
930 3962 1160 4041 perverstsquemr·

116 4112 123 4121 ¹
141 4046 208 4118 licet,
225 4046 361 4105 delicatum
380 4046 521 4105 bacanda
535 4064 625 4123 genus.
672 4044 754 4104 ribus.
780 4044 822 4102 Ut
832 4052 925 4100 autem
940 4043 1072 4112 Nosterirr
1085 4045 1160 4102 morr'-

142 4128 203 4199 βοὰ,
223 4130 276 4193 hoc
295 4128 371 4206 dato,
389 4147 450 4199 cur,
468 4147 524 4193 nrm
543 4126 626 4191 omnia
673 4125 724 4186 bur
736 4124 858 4215 ffvirr'a
871 4122 962 4197 dixit3
978 4124 1013 4189 fic
1025 4124 1160 4202 Augusti-

1096 4216 1161 4279 nur,
