2817 4859
415 394 574 461 trouu
600 395 810 461 turnus.
890 438 895 446 .
1082 408 1127 482 st

83 572 233 657 poetam
262 580 370 655 grave
394 558 613 659 plenumque
640 578 784 633 carmen
808 558 882 632 fine
907 557 1038 633 calesti
1060 558 1127 633 ali·

85 682 165 753 quo
181 657 314 729 ruentis
332 656 506 731 instindtu
530 676 655 755 putem
681 659 842 742 fondere,
866 676 928 732 aut
951 662 1127 757 eloquen-

11 764 12 797 l
87 756 175 829 tiam
194 758 266 828 fine
283 756 414 853 majore
437 756 473 829 vi
492 760 647 855 quadam
667 758 1051 847 flucre‚‘abundantem
1067 760 1126 831 so·

11 906 13 941 g
86 854 260 928 nantibus
278 854 398 928 verbis
422 856 663 955 uberibusque
688 855 882 930 sententiis.
931 856 1126 931 'Philoso-

89 953 176 1051 phia
192 978 277 1026 vero
296 958 460 1029 omnium
476 974 588 1029 mater
603 958 733 1031 artium
748 956 839 1054 quid
856 957 908 1028 est
931 954 1041 1045 aliud,
1058 954 1125 1027 nist
1166 968 1169 973 ’

89 1070 132 1125 ut
145 1053 248 1127 Plato
264 1052 396 1146 domm,
410 1074 452 1129 ut
469 1083 538 1156 ego
553 1056 724 1131 invmtum
736 1056 916 1129 Deomm?
950 1056 1043 1127 Haec
1059 1079 1125 1127 nos

90 1150 247 1249 primum
264 1155 310 1226 ad
335 1154 479 1228 illorum
503 1158 669 1244 cultum;
696 1153 826 1230 deinde
849 1156 895 1227 ad
919 1153 978 1249 jus
1002 1150 1124 1224 homi·

93 1274 189 1337 num,
208 1254 310 1347 qnod
325 1254 434 1326 situm
452 1256 503 1329 est
526 1254 563 1327 in
592 1254 730 1355 generis
757 1252 905 1327 humani
933 1253 1124 1339 societate3

93 1364 165 1422 turn
182 1353 229 1423 ad
249 1352 460 1427 modestiam
486 1356 843 1452 magnitudinemque
868 1350 977 1424 animi
1003 1350 1124 1423 erudi·
1208 1368 1210 1370 ’

92 1445 162 1521 vit:
190 1450 391 1547 eademque
416 1454 462 1525 ab
484 1452 604 1527 animo
628 1473 798 1551 tanquam
824 1454 870 1527 ab
896 1449 1010 1523 oculis
1034 1448 1124 1522 cali-

92 1545 210 1641 ginem
229 1547 399 1646 dispulit,
416 1570 457 1624 ut
480 1552 600 1625 omnia
619 1553 754 1651 supera,
779 1552 903 1640 infera,
921 1549 1047 1647 prima,
1064 1550 1122 1620 ul,

92 1642 187 1735 tima,
205 1650 325 1720 media
350 1648 561 1727 videremus.
615 1652 757 1726 Prorsus
783 1654 862 1723 lraec
886 1648 1008 1721 divina
1030 1644 1122 1720 mihi

94 1744 229 1817 ridetur
245 1745 313 1838 vis,
331 1772 413 1845 quae
430 1766 485 1823 tot
503 1775 555 1825 res
572 1750 707 1825 efficiat
723 1771 759 1824 et
775 1767 902 1823 tantas.
952 1745 1051 1819 Quid
1069 1746 1122 1819 est

95 1843 183 1915 enirn
201 1847 377 1919 memoria
394 1873 510 1921 rerum
528 1869 565 1924 et
581 1854 772 1925 verborum
790 1852 803 1923 l
835 1847 924 1945 quid
940 1870 1048 1943 porro
1065 1842 1122 1915 in-

94 1942 238 2015 ventio?
288 1944 459 2020 Profecto
481 1946 532 2039 id,
558 1976 632 2045 quo
658 1974 725 2023 nec
756 1949 793 2021 in
820 1949 901 2020 Deo
925 1944 1123 2041 quicquam

96 2041 199 2141 majus
217 2041 370 2143 intelligi
387 2048 515 2143 potest.
566 2062 583 2094 ¹
600 2048 687 2121 Non
714 2048 810 2122 eninr
832 2044 1006 2119 ambrosia
1023 2044 1123 2116 Deos

95 2294 176 2350 cundi
189 2294 271 2354 fidem
285 2297 436 2375 sequimur.
465 2300 512 2357 Sin
529 2304 581 2359 hoc
630 2300 669 2355 xi.
688 2318 736 2355 20.

93 2372 228 2451 displicet,
235 2378 331 2435 sanem
344 2381 416 2459 legas
430 2394 536 2458 oportet
551 2393 581 2439 ut
668 2386 681 2414 '
703 2376 964 2455 Philosophia-quid
982 2378 1015 2450 cst
1039 2374 1122 2440 allati,

96 2472 143 2527 ego
156 2466 204 2510 aut
210 2472 409 2533 poetam-non
420 2477 506 2539 putem
509 2462 580 2536 fun·
629 2459 677 2537 m'fi
694 2474 724 2515 ut
750 2460 827 2517 Plato
859 2453 1120 2529 dentem-Deorum]

96 2530 164 2590 dere.
205 2539 248 2594 Ad
270 2559 325 2597 reru
346 2542 433 2617 ipsam
449 2544 522 2619 quod
536 2552 580 2599 at·
629 2540 919 2619 Vulgo‚urPlaroar't;
930 2538 976 2595 scd
989 2538 1121 2593 ultimam

94 2614 173 2683 tinet,
186 2617 221 2673 dc
237 2620 339 2677 Seneca
350 2624 385 2677 de
394 2622 502 2699 Tranq.
516 2642 578 2701 cap.
628 2642 723 2681 vocem
749 2620 876 2685 nesciunt
898 2622 967 2695 Reg·
993 2616 1071 2675 Me(¹¹
1093 2626 1122 2675 et

102 2706 143 2771 ¹5·
179 2698 206 2753 Si
219 2701 356 2758 credimus
377 2704 497 2771 Platoni,
501 2703 579 2779 frus
627 2704 738 2762 Balliol.
769 2701 894 2779 Respicit
909 2702 943 2757 ad
958 2700 1039 2757 verba
1057 2698 1122 2757 Pla·

99 2784 135 2831 tro
145 2776 257 2837 Poetis-as
259 2780 335 2854 sores
344 2799 439 2861 compos
443 2782 489 2859 sui
498 2782 593 2861 prpu-'
627 2786 702 2841 tonis
723 2784 752 2840 in
773 2783 893 2849 Timaeo,
913 2800 976 2859 pag.
992 2794 1028 2857 53
1033 2796 1060 2853 3.
1081 2778 1119 2838 D.

98 2855 135 2911 Iit.
159 2858 305 2930 lucianus,
318 2864 348 2919 in
362 2862 505 2922 Dcmosth.
520 2866 578 2921 En·
628 2862 678 2939 Ἐξ
692 2862 727 2921 ὧν
742 2861 934 2943 ἐπορισάμεθα
955 2856 1120 2937 φιλοσοφίας

99 2954 167 2993 conr.
179 2950 244 2999 torn.
258 2944 288 3000 ii.
304 2963 334 3019 p.
347 2944 416 3019 687.
430 2946 471 3001 ed¹
485 2947 577 3004 Amst.
627 2944 716 3023 γένος·
737 2938 755 3003 ἔ
775 2943 868 3021 μεῖζον
888 2939 992 3001 ailadis
1011 2934 1053 2998 ἔτ’
1065 2932 1120 3015 dn-

102 3017 210 3092 Πολλῆς
222 3021 255 3079 δεῖ
273 3021 323 3097 τῆς
343 3022 446 3101 μανίας
465 3024 507 3081 ἐπὶ
526 3022 578 3097 τᾶς
628 3026 688 3094 θεν,
704 3022 744 3082 θ’θ’
756 3019 810 3097 ἥξει
825 3022 897 3081 ποτὲ
911 3020 952 3103 τῷ
965 3020 1060 3103 θνητῷ
1068 3018 1119 3099 γε’·

99 3098 231 3171 ωωητικᾰς
254 3101 310 3161 irim
340 3102 438 3179 θύρας.
479 3103 579 3163 Noster
629 3128 664 3163 νει
687 3109 875 3163 ΔΩΡΗΘΕΝ
896 3104 927 3161 ἐκ
947 3102 1035 3159 Θεῶν.
1077 3104 1120 3161 Ea

100 3192 146 3249 pro
159 3182 269 3251 Archia,
284 3204 348 3260 cap.
364 3186 392 3242 8.
432 3188 460 3242 Α
471 3186 579 3263 summis
628 3186 729 3243 Latine
752 3186 928 3243 reddiderunt
946 3184 1119 3253 chalcidius,

99 3254 224 3319 hominbus
244 3262 459 3345 erudirffmffqur
483 3270 579 3347 accepi·
628 3288 657 3345 p.
666 3268 715 3347 56.
731 3278 758 3323 et
768 3266 870 3323 Noster
881 3268 914 3323 de
924 3266 1011 3323 Univ.
1023 3286 1046 3321 c.
1063 3284 1109 3339 ¹4·

100 3342 291 3401 rus-Puram
306 3360 403 3403 natura
415 3346 467 3425 ipsa
479 3347 578 3415 valore,
667 3354 681 3383 ²
703 3348 763 3407 Nm
775 3348 839 3404 cuim
853 3346 976 3423 ambroſsa
991 3346 1059 3403 Deos
1073 3360 1120 3402 aut

102 3430 124 3472 rs
134 3424 212 3480 nereis
223 3425 328 3483 viribus
341 3428 456 3495 excitari,
470 3442 495 3485 et
507 3430 581 3507 quast
628 3430 738 3496 uersare,
757 3428 1027 3485 Iuvernam-lactari
1046 3425 1119 3484 arbi-

103 3496 212 3561 Druso
226 3524 367 3565 ouonarr
388 3510 518 3567 Srrnrru
539 3510 580 3566 in·
629 3506 695 3584 tror]
712 3510 817 3585 Vulgo,
831 3524 878 3566 aut
891 3509 991 3565 ardore
1005 3517 1054 3564 ant
1068 3508 1120 3563 Ju-

96 3576 168 3646 Μ·
211 3584 278 3645 Huc
306 3588 438 3646 facientia
466 3589 580 3667 quidem
628 3604 755 3647 ventare:
791 3590 834 3647 scd
861 3590 990 3647 voculam
1019 3588 1119 3665 penul-

104 3658 212 3721 Platonis
229 3668 307 3727 dicta
328 3688 377 3726 nos
398 3670 581 3728 indicavimus
628 3670 730 3727 rimam
765 3670 874 3728 monitu
909 3668 1118 3747 praestantiffiml

11 3790 12 3805 r
102 3738 133 3795 ad
157 3742 201 3801 lib.
222 3748 239 3806 i.
263 3752 299 3807 de
322 3748 422 3808 Divin.
446 3770 506 3829 cap.
531 3766 580 3827 37.
629 3750 749 3815 Bentleii
758 3752 939 3827 negleximus.
959 3748 1085 3825 PraeterJ
1107 3779 1121 3794 ·

11 3870 13 3965 l

11 3968 14 4103 l

102 3818 195 3881 Eadem
214 3828 271 3887 suit
290 3830 408 3887 aliorum
435 3830 581 3890 sententia.
629 3844 779 3898 teutatem,
793 3833 954 3891 Vulcanum
975 3843 1002 3886 et
1022 3828 1119 3905 Gany·

102 3898 168 3961 Hinc
187 3910 262 3967 enim
290 3910 438 3976 Pindarus,
462 3912 579 3989 Olymp.
630 3915 749 3981 medem,
759 3914 917 3971 Harmonia
927 3922 954 3968 et
964 3910 1120 3969 Mercurius

104 3980 139 4073 '13'13
159 3986 201 4044 18.
218 3984 317 4056 olorinis
335 3992 408 4049 dixit
422 3990 580 4073 θευμόρους.
629 4012 647 4049 a
661 3995 801 4053 nonnullis
812 3996 937 4051 Deorum
953 3992 1041 4051 habiti
1056 3993 1120 4052 sunt
1157 4020 1164 4041 ι

103 4060 233 4153 Ntmimm
245 4066 581 4155 αἰγωὲοὶδὲνςσοφοὶκα.
631 4072 758 4155 οἶνοχὸω.
789 4076 862 4133 Vide
878 4075 1057 4142 Athenaeum,
1070 4072 1119 4132 lib.

103 4158 138 4197 τα
149 4144 253 4227 Adpav'
268 4147 375 4227 ἄνδρες,
389 4164 420 4211 ut
441 4154 480 4211 ait
498 4155 580 4225 idem,
629 4156 668 4213 xi.
679 4176 745 4233 pag.
758 4176 795 4231 42
799 4173 826 4235 5.
836 4168 864 4214 et
872 4157 1040 4226 Lucianurn,
1051 4167 1119 4215 torn.

103 4218 207 4306 Olymp.
234 4232 274 4291 ix.
300 4251 350 4307 41.
397 4234 467 4319 llide
494 4238 526 4294 sn
553 4246 581 4295 et
630 4236 649 4295 i.
665 4254 828 4316 pagg.233.
841 4256 909 4316 342.
