2817 4859
400 361 558 425 nrnrr
584 363 839 428 ournrrus.
1081 369 1141 448 3⁶9

104 537 184 598 tase
203 525 249 596 lic
267 521 353 612 rita,
370 545 445 598 non
461 523 577 602 solum
593 523 802 625 fiundique
818 527 945 603 referta
958 527 1061 602 bonis
1074 528 1138 620 est,

86 621 167 694 ,sed
183 622 213 695 fi
228 623 346 696 multo
370 627 502 722 majore
527 645 563 698 et
585 627 748 725 graviore
766 647 812 700 ex
827 645 926 725 parte
945 628 1039 703 bona
1054 651 1137 725 pro-

101 723 275 818 pendent,
297 723 400 796 beata
426 725 519 797 recle
545 726 618 809 dici
645 725 774 823 potest.
826 727 1003 823 Sequetur
1028 726 1139 824 igitur

102 831 118 866 ⁶
135 821 266 894 borum
292 820 427 895 ratione
443 824 501 897 rel
518 828 563 898 ed
582 824 797 922 supplicium
815 825 918 898 beata
934 825 1007 898 vita
1022 826 1138 899 virtu·

101 935 204 1004 teme
229 932 386 1019 cumque
411 947 453 995 ea
477 924 669 998 descendet
692 922 729 996 in
755 941 909 1015 taurum,
932 923 1136 1014 Aristotele,

101 1018 322 1106 Xenocrate,
348 1022 559 1120 Speufippo,
585 1022 780 1096 Polemone
805 1023 1035 1111 audlonbus;
1068 1023 1135 1098 nec

99 1141 182 1191 enm
197 1119 215 1164 ‘¹
228 1118 385 1192 minimis
403 1120 655 1196 blandimentis
675 1139 843 1222 corrupta
867 1123 1013 1196 deseret.
1064 1124 1136 1196 Ea·

99 1219 185 1290 dem
212 1218 450 1316 Calliphontis
476 1221 542 1292 erit
567 1221 793 1320 Diodorique
818 1221 1014 1296 sententia:
1042 1245 1135 1320 quo-

100 1325 185 1390 rum
205 1337 356 1415 uterque
381 1319 602 1393 honestatem
625 1320 677 1392 fic
702 1321 971 1418 complodunt,
989 1339 1030 1394 ut
1054 1345 1134 1394 om-

99 1413 173 1499 nia,
192 1441 276 1514 quae
300 1417 375 1490 fine
399 1443 442 1491 ee
466 1419 549 1508 fint,
564 1421 672 1517 longe
697 1435 735 1491 et
757 1437 851 1492 retro
867 1423 1033 1518 ponenda
1049 1445 1135 1494 cen-

99 1515 186 1588 sent.
239 1515 388 1614 Reliqui
414 1519 544 1591 habere
570 1519 604 1590 s'e
633 1519 802 1594 videntur
831 1521 1025 1618 angustius,
1051 1545 1136 1594 ena-

84 1630 179 1686 ·tant
205 1631 352 1702 rameru
378 1616 568 1712 Epicurus,
586 1617 845 1717 Hieronymus,
863 1637 899 1690 et
915 1619 942 1690 fi
961 1618 1022 1716 qui
1040 1617 1134 1710 sunt,

99 1712 165 1811 qui
181 1715 387 1788 edesertum
412 1713 517 1791 illum
535 1717 741 1789 Carneaden
766 1737 894 1790 curent
919 1719 1133 1791 defendere:

99 1811 231 1885 ‘nemo
246 1814 299 1886 est
314 1814 423 1902 enirn,
441 1814 504 1910 qui
530 1839 653 1889 eorum
678 1818 855 1889 bonorum
881 1816 1042 1888 animum
1066 1841 1135 1913 pu·
1255 1825 1262 1837 '

99 1927 152 1988 tet
177 1912 249 1986 else
269 1911 445 2010 judicem,
463 1937 618 2012 eumque
635 1914 905 1988 condocesaciat
923 1932 964 1986 ut
981 1940 1034 2004 ea,
1051 1938 1134 2014 quae

99 2011 197 2082 bona
230 2012 367 2084 malave
396 2012 597 2097 videantur,
626 2012 734 2108 poffit
759 2032 1010 2098 contemnere:
1051 2035 1136 2088 narn

96 2111 229 2206 ‘quod
256 2109 321 2182 ribi
349 2109 528 2208 Epicurus
544 2109 698 2202 videtur,
717 2113 842 2186 eadem
866 2111 933 2186 erit
950 2111 1134 2212 Hierony-

83 2427 87 2432 ·
134 2391 149 2420 ‘
170 2382 284 2442 Horum
299 2383 408 2456 ratione]
425 2383 589 2459 Peripateti·
638 2383 701 2440 vult
724 2384 832 2452 Cicero,
852 2381 935 2461 plene
958 2395 1132 2463 repugnentr

92 2483 205 2521 norum.
232 2463 337 2540 Vulgo,
352 2463 469 2521 lennem
482 2465 588 2523 retinet.
634 2463 658 2520 [ι
672 2463 748 2521 enim
765 2467 902 2522 bonorum
923 2466 1051 2524 animum
1073 2475 1131 2524 non

85 2545 147 2602 -Sed
161 2543 279 2600 alteram
298 2544 445 2602 lee‘lionem
465 2565 500 2600 er
514 2555 588 2601 vete·
639 2555 742 2622 putant
755 2543 806 2602 else
822 2544 947 2621 judicem
961 2568 968 2611 ς
989 2565 1041 2603 cur
1057 2565 1135 2615 eum,

84 2626 176 2682 ribnn
189 2624 273 2681 editi·
286 2626 468 2682 mercandum
481 2623 589 2682 effect.
638 2625 743 2701 quaeso,
764 2643 806 2694 ea,
830 2645 894 2702 qnae
917 2625 996 2688 ‚bona
1025 2627 1134 2685 malave
1184 2630 1189 2641 '

89 2705 239 2769 Bentleius
253 2703 442 2762 redemtore.
601 2777 604 2782 ‚
639 2707 800 2770 videantur,
814 2707 914 2764 docent
934 2711 1132 2765 contemnere?

133 2784 295 2842 “M’urim'r
322 2783 514 2857 blandimentis]
546 2783 592 2842 sie
640 2785 674 2843 ld
688 2787 758 2842 vidit
776 2787 942 2854 Lambinus,
957 2789 1080 2862 adeoque
1094 2789 1135 2845 le·

94 2881 197 2924 omnen
227 2867 343 2925 eodioee.
387 2866 465 2924 Mihi
496 2876 610 2923 tamen,
641 2867 695 2942 git,
705 2867 766 2944 quin
780 2885 863 2923 eorum
880 2864 1005 2923 bonorem.
1027 2868 1135 2925 Clau·

93 2947 300 3004 veritimillima
324 2946 436 3004 ridetur
459 2941 592 3022 praestan·
641 2959 699 3002 tem
720 2947 860 3003 Bentleius
881 2946 991 3022 reponit
1010 2948 1073 3025 quin
1086 2967 1135 3004 oe·

94 3027 194 3086 tiffimi
215 3027 335 3084 Bentleii
358 3025 528 3102 eonjedlurn,
545 3026 592 3082 cui
639 3045 724 3083 rorum
738 3023 865 3082 bonorum.
889 3025 952 3102 Ego
964 3025 1027 3083 sane
1040 3036 1134 3086 toturn

94 3107 281 3186 plaoetninir
294 3118 342 3164 ant
355 3105 542 3164 bladimentis.
641 3105 735 3163 locum
767 3106 803 3162 src
830 3105 1028 3164 restituendum
1056 3119 1136 3184 puto,

135 3197 150 3226 θ
171 3186 322 3246 Desertum
342 3187 415 3245 illum
427 3183 592 3258 Carneaden]
641 3205 712 3244 nemo
731 3187 764 3264 gd
783 3185 847 3244 enim
867 3205 974 3257 eorum,
990 3188 1040 3263 qui
1062 3188 1137 3247 bono·

93 3270 205 3346 Vulgo.
225 3266 352 3346 disemum.
381 3268 455 3335 Nos,
474 3265 595 3323 Grutero
643 3287 701 3325 rum
715 3269 829 3324 animum
841 3287 899 3324 non
914 3280 989 3345 putet
1002 3266 1048 3346 effe
1059 3267 1136 3342 judi·

92 3347 284 3424 Berttleioque
306 3349 499 3426 probantibus,
521 3348 593 3423 Reg.
643 3367 705 3404 cm.
730 3347 898 3404 Particulam
911 3360 1059 3424 negantem
1071 3349 1137 3426 sup·

94 3433 241 3490 Pitlmn.
259 3428 338 3486 Med.
353 3429 421 3486 eall.
438 3437 494 3487 tres
514 3426 595 3484 alios·
644 3426 781 3504 peditavit
803 3427 904 3485 Eliens.
919 3427 970 3484 sec.
985 3429 1074 3486 levem
1088 3449 1138 3487 ve·

93 3531 154 3587 qne
182 3511 265 3569 bone
287 3519 365 3572 nolte
391 3509 475 3567 MSS.
502 3507 594 3583 sequi·
644 3525 676 3566 ro
702 3508 781 3564 illam
807 3507 1045 3584 tmnsposrtionem
1068 3507 1137 3566 feei·

81 3609 175 3649 mur.
645 3605 710 3644 mue
722 3586 882 3661 conjeetura
898 3587 971 3652 freti,
986 3609 1018 3645 ea
1031 3600 1137 3658 tamen,

135 3668 149 3708 ¹
173 3669 309 3745 Nemest
331 3667 407 3736 enim,
427 3668 476 3744 qui
500 3685 596 3724 eorum
645 3687 744 3742 quam,
765 3667 815 3724 nisi
833 3666 925 3737 fallor,
944 3669 1034 3726 Tullii
1056 3687 1136 3726 mens
1163 3662 1165 3670 ’

93 3751 220 3810 bonnm
241 3750 356 3808 emonem
372 3763 446 3826 pum
465 3749 510 3826 effe
520 3746 598 3820 judi·
634 3745 791 3823 efflagitat.

92 3833 166 3904 cm]
188 3829 262 3891 Haec
277 3830 317 3887 ita
331 3830 427 3886 laudat
442 3829 555 3886 Nonius
567 3827 596 3884 in
685 3836 700 3876 Β
714 3828 800 3885 Quod
810 3823 858 3885 tibi
869 3827 1007 3906 Epicurus
1015 3825 1134 3903 videm]

91 3910 299 3985 mdocffnecre,
312 3921 340 3967 et
361 3911 483 3966 itndant
496 3908 595 3984 vulga-
645 3908 690 3965 Sic
715 3909 786 3986 Reg.
811 3910 950 3968 Pithoean.
974 3907 1044 3966 Pall.
1073 3919 1138 3978 tren,

91 3995 128 4051 ti.
176 3990 321 4048 Sedllline
339 4000 368 4047 et
384 3989 512 4046 codicum
523 3999 596 4044 'nue-
647 3987 753 4047 Fabric.
774 3999 802 4046 et
822 3987 915 4046 Vatic.
953 3989 1057 4067 Vulgo,
1077 4009 1144 4074 qu*

90 4073 200 4130 toritas
227 4089 284 4128 non
308 4069 386 4134 facit,
410 4081 443 4126 nt
467 4065 598 4125 mendofe
637 4068 695 4126 rili
710 4069 816 4152 Epicuri
828 4067 942 4127 redelor.

90 4150 437 4221 nmefficndamssum
450 4150 595 4226 utiquam
660 4227 679 4284 b
742 4201 746 4210 .

140 4269 158 4284 ·.
630 4244 649 4285 rr
