2817 4859
298 375 357 439 ¹44
445 450 450 456 Ι
504 351 697 422 rusum..
719 350 1112 422 nrsrurnrronunr

291 518 460 596 iEtiamsi
477 511 682 620 Eurypylus
698 519 830 619 posset,
842 543 915 594 non
929 517 1046 618 posset
1062 514 1235 616 AEsoptu.

335 668 402 738 Ubi
427 637 556 734 fortuna
583 665 735 734 Hedoria
760 663 896 733 nostram
922 687 1031 732 aerem
1059 663 1161 732 aciem
1190 661 1324 730 inclina·

415 767 622 818 tamn—-

291 885 328 946 et
344 887 471 943 caetera
487 870 643 969 explicat
661 867 696 941 in
716 870 839 942 dolore
855 897 865 942 ε
891 869 941 942 fic
964 869 1017 942 est
1033 867 1129 942 enim
1148 866 1324 966 intempe-
1404 932 1405 935 ,

286 993 369 1042 rans
385 968 546 1042 militaris
568 969 605 1040 in
629 965 713 1041 sorti
731 967 808 1042 viro
837 967 960 1068 gloria.
1012 969 1111 1066 Ergo
1130 969 1206 1039 haec
1222 975 1319 1040 vete-

291 1093 395 1142 ranus
420 1067 521 1140 miles
551 1067 665 1140 facere
691 1067 848 1165 poterit?
884 1068 1015 1141 doetus
1035 1067 1092 1139 vir
1117 1065 1321 1165 sapiensque

290 1189 363 1242 non
387 1167 547 1266 poterit?
595 1167 659 1240 ille
683 1191 768 1239 vero
794 1165 933 1257 melius,
949 1172 990 1240 ac
1018 1191 1090 1239 non
1114 1167 1223 1264 paulo
1241 1163 1320 1261 qui-

289 1268 385 1338 dem.
429 1267 499 1338 Sed
515 1265 660 1339 l‘adhuc
678 1267 723 1338 de
740 1265 996 1340 consuetudine
1013 1283 1048 1337 et
1066 1263 1319 1338 exercitatione

288 1365 439 1461 loquor:
469 1367 629 1439 nondum
651 1365 695 1438 de
713 1364 845 1440 ratione
873 1383 908 1438 et
925 1364 1104 1462 sapientia.
1155 1362 1321 1436 Aniculae

288 1463 380 1562 saepe
407 1463 563 1537 inediam
587 1463 740 1537 biduum
764 1482 826 1537 aut
849 1464 1008 1538 triduum
1025 1463 1155 1536 ferunt.
1203 1460 1319 1534 ¹Sub·

284 1701 593 1840 runnu
607 1698 782 1858 uini
829 1697 1321 1861 titutum

285 1863 417 1921 codicum
432 1861 522 1920 lettio.
553 1863 660 1928 Livius,
672 1862 720 1918 vii.
735 1880 782 1937 24.
830 1859 908 1918 laude
918 1859 1026 1940 digrutm
1033 1863 1093 1938 fine
1111 1859 1163 1923 usu
1175 1870 1203 1916 et
1217 1858 1318 1922 exerci-

290 1942 392 2019 Consul,
411 1943 523 2001 vulnere
546 1943 670 2018 alligato,
695 1961 781 2000 revec·
829 1940 935 2022 tatione
947 1941 1057 2020 consequi
1070 1941 1190 2022 poffunt3
1202 1938 1319 2015 fic-rti

286 2035 329 2078 rus
342 2021 379 2080 ad
385 2024 565 2116 primastgna.
592 2023 635 2080 lbi
650 2021 730 2099 plura
739 2023 780 2080 lo·
828 2021 976 2098 magnitudo
988 2023 1069 2079 usum
1082 2041 1178 2099 quoque
1188 2021 1318 2078 exercita·

284 2103 408 2160 curionis
422 2101 506 2178 hujus
519 2103 648 2180 exempla
667 2103 780 2179 conges-
827 2103 988 2179 tionemque
1001 2102 1133 2180 definierat.
1172 2102 1219 2158 Sic
1233 2100 1264 2158 de
1274 2119 1317 2157 et·

286 2183 320 2238 sit
334 2184 361 2259 J.
377 2183 422 2240 Fr.
435 2184 601 2242 Gronovius.
627 2185 703 2240 Addi
716 2183 779 2262 pos·
826 2183 1003 2265 crcitatiorteet
1013 2181 1182 2260 coquendus
1190 2183 1265 2240 dixit
1275 2181 1317 2238 in·

285 2265 339 2320 fint
353 2274 381 2320 et
395 2265 455 2322 haec
468 2265 558 2330 Bedae,
574 2263 613 2321 H.
626 2265 659 2320 E.
675 2264 712 2321 iv.
730 2283 776 2322 22.
826 2262 878 2332 fra,
892 2283 954 2341 cap.
967 2264 1037 2320 xvii.

285 2343 414 2422 Refidens,
425 2345 479 2422 fita
494 2345 620 2412 vulnera,
636 2358 715 2422 prout
729 2359 776 2423 po·
866 2343 873 2380 ¹
895 2341 1002 2402 Subduc
1013 2342 1185 2402 cibum-non
1190 2344 1316 2422 ptffccsa·
1404 2364 1405 2367 ’

284 2426 346 2492 tuit,
366 2426 415 2504 ipse
436 2425 571 2502 alligavit.
612 2425 674 2482 Pari
694 2427 778 2484 modo
826 2423 920 2498 mabit]
942 2425 1006 2484 Hoc
1026 2427 1075 2493 ait,
1098 2427 1173 2501 quod
1194 2425 1318 2484 Athletis

282 2499 428 2584 cifflrsutam
456 2507 504 2564 mci
523 2506 605 2564 cranii
623 2507 777 2578 junt‘iuram
826 2524 882 2562 non
898 2507 981 2564 modo
994 2506 1048 2564 cibi
1062 2524 1151 2582 genus
1167 2520 1255 2584 atque
1274 2525 1316 2562 co·

283 2602 424 2663 componere
456 2596 534 2663 atque
563 2585 674 2662 alligare
705 2587 778 2643 dixit
826 2586 884 2661 pia,
899 2606 995 2644 verum
1016 2587 1102 2644 etiam
1123 2588 1198 2643 horae
1220 2587 1316 2663 quibua

216 2673 219 2680 '
284 2665 369 2732 idem,
382 2685 410 2736 y.
424 2665 453 2724 6.
826 2664 933 2724 vicum
961 2667 1107 2733 sumerent,
1140 2675 1220 2724 erant
1249 2687 1315 2744 prae·

325 2742 333 2781 ¹
354 2745 465 2821 Etiamst
473 2745 616 2824 Eurypylus
621 2747 706 2825 prffit,
720 2765 777 2806 non
825 2742 944 2824 scriptae,
953 2748 1028 2805 unde
1040 2746 1147 2805 fesium
1163 2757 1196 2804 ut
1210 2767 1229 2804 a
1239 2749 1328 2807 Gran·

276 2825 356 2907 poffet
368 2824 500 2904 AEsopus]
524 2827 582 2885 Pal.
601 2835 664 2885 terr.
681 2827 780 2904 etiamst
825 2826 865 2921 cis
878 2822 1083 2922 drayuopqyia
1092 2827 1316 2921 dicenturna-

272 2906 427 3064 iiiisyii
442 2906 775 3065 rii'qssiissiinii}
822 2910 1315 3064 {tttmns'ffidd‘i‘d

280 3061 772 3208 istddt‘btttid‘idtti
821 3068 997 3207 edistii.
1006 3070 1024 3126 ἱ·
1042 3087 1131 3207 iiii
1141 3071 1231 3207 313⁶
1234 3071 1315 3208 32¹⁰&

281 3241 376 3283 rorum
390 3169 523 3284 librorrim
539 3193 729 3288 fidec'vtdetur
741 3231 772 3286 in
821 3169 925 3286 ientur.
970 3169 1075 3288 Eatiim
1100 3193 1179 3288 niena
1203 3231 1246 3289 est
1268 3169 1314 3288 gis.

279 3307 397 3365 dubium
413 3309 574 3379 revocanda,
584 3329 650 3367 nam
666 3312 725 3368 haec
737 3311 771 3366 de
820 3309 997 3368 Hammondi
1022 3313 1056 3369 ad
1080 3329 1090 3367 r
1113 3312 1181 3370 Cor.
1203 3313 1246 3369 ix.
1268 3329 1312 3388 25·
1404 3374 1405 3383 χ

280 3397 412 3446 veterano
425 3387 515 3446 milite
526 3389 593 3462 dici,
604 3392 703 3448 nonde
716 3391 771 3447 uis·
819 3390 873 3447 Sed
896 3391 1041 3451 falluntur.
1075 3392 1149 3448 Vide
1176 3393 1238 3450 Pet.
1261 3392 1312 3448 Fa·

277 3469 379 3534 trione,
400 3470 491 3546 qualia
510 3479 569 3528 erat
589 3471 715 3549 AEsopua
734 3491 770 3528 ex
818 3471 914 3539 hrum,
933 3475 1028 3550 Agon.
1047 3473 1098 3530 lib.
1112 3474 1143 3530 ii.
1157 3491 1221 3548 cap.
1242 3490 1272 3545 3.
1287 3482 1313 3528 et

276 3547 453 3665 sequentibus
468 3561 554 3626 patet.
817 3551 915 3627 Joach.
931 3552 1083 3610 Kuirnium
1103 3555 1138 3610 ad
1158 3552 1273 3611 AEiiani
1295 3552 1314 3609 l.
1404 3556 1405 3561 ’

353 3629 446 3687 Adbuc
459 3631 490 3687 de
500 3631 671 3710 consuetudine
680 3643 708 3691 et
720 3653 769 3691 ex·
819 3633 858 3689 xi.
872 3652 897 3692 c.
912 3652 942 3706 3.
983 3633 1102 3710 Alioqui
1114 3653 1180 3692 vero
1197 3635 1312 3691 celebria

276 3711 453 3786 ercitatione]
475 3707 580 3788 Vulgo,
593 3713 624 3770 de
641 3713 771 3790 consuetu·
817 3711 857 3769 est
866 3713 1313 3792 Athletammvoracitaa‚qrwrrtm

276 3790 627 3852 dineadlmcexercitatinnis.
652 3795 703 3851 Sed
715 3795 771 3851 mi·
817 3794 877 3850 vita
890 3794 1078 3872 ctarssagina
1090 3794 1320 3870 est‚ntioquitur'
1404 3860 1405 3863 Ἴ

276 3871 306 3928 hi
321 3891 377 3928 non
396 3874 487 3949 piacet
507 3873 637 3950 loquendi
659 3876 770 3943 modus,
816 3873 1008 3952 Hieronymus
1023 3877 1086 3934 adv.
1101 3875 1196 3952 jovin.
1215 3875 1266 3932 lib.
1282 3875 1313 3930 ii.

262 3967 326 4032 ¹rrec
342 3953 371 4008 in
383 3953 444 4011 asiis
459 3953 526 4011 locis
542 3955 591 4032 ipsi
602 3953 699 4012 Tullio
706 3955 769 4031 pia·
816 3973 846 4030 p.
860 3955 929 4026 366.
943 3957 987 4012 ed.
1001 3957 1063 4016 Par.
1077 3957 1162 4033 1673.
1183 3953 1314 4013 Omnino

274 4032 342 4086 cuit.
365 4031 425 4089 Nos
436 4035 522 4109 igitur
533 4034 766 4112 Eiiensprimum
815 4036 878 4092 ride
898 4037 1080 4106 Athenaeum,
1095 4038 1114 4094 l.
1129 4057 1159 4096 x.
1177 4055 1228 4114 pp.
1242 4053 1313 4112 413,
1404 4050 1405 4057 ’

273 4109 425 4186 sequimur,
439 4126 470 4170 ut
491 4115 675 4174 Ciceroniano
694 4117 765 4173 mori
815 4113 891 4193 seqq.
905 4117 949 4178 cd.
964 4117 1057 4196 Lugd.

269 4203 402 4265 geramus
417 4213 533 4252 morem.
568 4197 613 4255 Sic
628 4197 677 4256 lib.
690 4196 710 4253 i.
726 4197 764 4255 de
