2817 4859
426 341 822 443 attentarunt.
1103 396 1141 461 37

109 540 296 638 egoenim
314 538 488 639 ipsecum
512 544 639 615 eodem
664 543 741 642 ipso
767 566 837 616 non
856 540 988 614 invitus
1003 562 1142 613 errave·
1225 536 1229 542 ’

114 638 191 713 rim.
258 638 363 712 Nurn
403 637 513 736 igitur
544 654 559 687 ²
580 644 798 733 dubitamus,
832 641 924 713 ficut
959 640 1141 738 pleraque,

113 740 333 835 (quanquam
359 737 429 813 hoc
446 740 593 835 quidem
616 734 763 815 miniine
780 772 789 825 3
817 740 1025 837 persuadent
1044 739 1143 811 enirn

22 836 23 905 f
117 834 397 934 Mathematici)
426 848 556 911 terram
589 839 626 913 in
655 842 775 913 medio
802 841 938 911 mundo
967 838 1070 911 sitam
1095 838 1142 911 ad

120 936 264 1009 universi
282 936 364 1008 caeli
385 939 616 1035 complexum
641 939 739 1038 quasa
761 937 891 1035 puneli
914 936 1022 1009 instar
1043 938 1142 1011 obti-

119 1056 207 1124 nere,
233 1037 334 1132 quod
360 1042 472 1134 κέντρον
496 1034 550 1108 illi
566 1058 720 1111 vocant:
747 1062 826 1109 eam
849 1058 958 1133 porro
980 1052 1142 1108 naturam

117 1132 178 1205 esse
195 1154 352 1230 quatuor
367 1134 487 1206 omnia
505 1135 731 1233 gignentium
755 1158 960 1234 corporum,
982 1150 1024 1206 ut
1041 1133 1142 1231 quasa

115 1231 238 1327 partita
255 1233 409 1305 habeant
424 1234 516 1306 inter
534 1236 567 1307 se
584 1254 619 1309 et
636 1234 748 1309 divisa
772 1254 976 1307 momenrat
1002 1250 1141 1305 terrena

115 1346 148 1401 et
162 1330 312 1405 humida
327 1332 451 1428 suopte
477 1352 568 1407 nutu
585 1354 619 1407 et
635 1335 699 1407 suo
722 1336 879 1437 pondere
896 1334 941 1404 ad
956 1356 1056 1430 pares
1073 1356 1138 1403 an-

116 1430 214 1525 gulos
229 1430 269 1501 in
286 1448 416 1503 terram
441 1449 478 1505 et
501 1431 539 1503 in
565 1458 657 1507 mare
684 1435 865 1506 serantur:
892 1430 1040 1527 reliquae
1057 1434 1141 1503 duae

116 1546 236 1637 partes,
253 1554 327 1601 una
340 1528 457 1626 ignea,
474 1532 582 1603 altera
597 1532 757 1605 animalis
772 1564 782 1617 3
800 1548 841 1604 ut
857 1532 930 1603 illae
946 1528 1142 1627 superiores

116 1650 152 1697 rn
167 1626 327 1701 medium
342 1630 467 1700 locum
484 1632 610 1703 mundi
634 1630 806 1729 gravitate
823 1630 981 1702 serantur
995 1645 1031 1701 et
1048 1652 1142 1725 pon-

116 1726 206 1815 dere,
237 1730 282 1799 fic
308 1726 366 1798 hae
398 1727 534 1800 rursum
560 1730 667 1802 tediis
690 1730 794 1802 lineis
819 1728 856 1799 in
883 1728 1060 1799 caelestem
1083 1729 1143 1798 lo·

117 1846 195 1897 curn
219 1824 422 1915 subvolent,
447 1826 548 1899 bsive
572 1828 656 1925 ipsae
681 1846 806 1901 natura
831 1824 1009 1924 superiora
1032 1850 1141 1922 appe-

117 1940 236 2009 tentes,
251 1926 349 1998 cfive
366 1928 466 2023 quod
491 1950 512 1997 a
532 1926 754 2023 gravioribus
779 1928 912 1999 leviora
936 1942 1061 1997 natura
1085 1948 1140 1997 re·
1266 1932 1268 1937 '

115 2024 295 2117 pellantur.
348 2022 440 2096 Quae
465 2047 550 2097 curn
573 2027 759 2111 constent3
784 2022 1010 2123 perspicuum
1033 2024 1141 2105 debet

118 2122 183 2193 esse
198 2122 345 2210 animos,
362 2146 448 2198 curn
465 2148 484 2194 e
506 2148 652 2221 corpore
670 2124 895 2209 excesserint,
913 2122 986 2195 five
1004 2122 1057 2195 illi
1073 2124 1142 2197 sint

120 2217 306 2295 ‘lanimales
321 2220 359 2293 id
375 2221 427 2293 est
444 2220 622 2319 spirabiles
637 2223 710 2296 five
728 2222 838 2321 ignei,
861 2220 1011 2294 sublime
1029 2221 1111 2293 serti
1129 2251 1139 2295 ε

119 2316 244 2391 sivero
260 2338 321 2391 aut
336 2344 499 2393 numerus
516 2322 662 2417 quidam
678 2323 723 2393 fit
738 2322 876 2393 animus
895 2321 1010 2416 (quod
1026 2320 1140 2392 subti-

121 2413 201 2487 liter
224 2416 330 2514 magia
353 2442 458 2515 qoam
483 2418 641 2493 dilucide
667 2418 814 2511 dicitur)
842 2434 903 2489 aut
928 2415 1055 2513 quinta
1080 2418 1141 2490 illa

121 2538 193 2587 non
217 2514 389 2589 nominata
414 2516 528 2617 magis
552 2544 662 2618 quarn
687 2542 760 2591 non
785 2515 969 2589 intelledla
988 2532 1112 2589 natura
1128 2547 1139 2602 3

154 2751 352 2821 'Dalitamun
371 2756 445 2830 ficut
473 2753 598 2836 pleraque
646 2746 748 2825 tuales3
770 2775 802 2818 ac
821 2754 862 2813 ita
881 2752 1029 2831 legendum
1046 2747 1140 2829 oonje·

120 2832 178 2906 bre]
199 2834 304 2911 Vulgo,
317 2832 466 2895 dubitamus
480 2856 516 2894 an
526 2839 598 2915 ficut
646 2849 721 2895 cerat
730 2838 818 2913 Janus
827 2835 1007 2892 Gulielmius.
1030 2832 1141 2889 Frustra

115 2912 235 2992 PIW‘,
255 2917 291 2972 fic
310 2924 338 2995 tt
358 2916 419 2973 lYoc.
460 2918 512 2975 Sed
537 2918 598 2975 illas
648 2918 762 2994 quidem
790 2926 820 2973 et
841 2916 992 2973 immerito.
1029 2912 1140 2981 Noster,

120 3002 168 3049 tter
186 2996 295 3052 voculas
314 2992 452 3053 omittunt
471 2992 544 3073 Reg.
561 2998 599 3054 E·
647 3016 710 3073 cap.
723 2997 801 3055 xxix.
836 2996 890 3053 Fac
899 2996 1011 3071 igneam,
1013 2989 1070 3077 fac
1083 2993 1140 3069 spi-

117 3072 188 3131 licus.
201 3085 262 3140 tert.
273 3076 427 3133 Bair.Petr.
438 3086 466 3133 et
477 3078 597 3139 Cantab.
648 3078 774 3135 rabilem.
813 3076 902 3133 sicet
920 3074 997 3132 alibi.
1030 3075 1141 3132 Servius

116 3152 255 3232 locumque
275 3156 458 3233 perpurgavit
480 3157 597 3215 dodisli·
648 3160 683 3215 ad
698 3157 821 3215 AEn.iii.
835 3157 905 3214 600.
934 3155 1079 3231 Spirabiie,
1092 3156 1139 3211 oi-

117 3236 152 3291 mi
164 3236 281 3294 Bentleii
296 3236 413 3294 solertia.
648 3238 709 3305 tale,
732 3256 782 3315 qao
799 3236 941 3315 spiramus,
963 3248 989 3292 et
1007 3238 1042 3309 est
1056 3234 1142 3310 sermo

149 3312 600 3395 ¹’Simipsae--appelentet]Vul-
648 3319 801 3383 Ciceronis,
820 3335 968 3395 quanquam
991 3316 1035 3373 ille
1058 3315 1138 3390 l'piri-

117 3414 157 3470 go,
173 3397 404 3475 ipsa—appeteret.
449 3398 498 3455 nst
524 3414 600 3477 appe·
648 3400 734 3456 tabile
746 3396 840 3454 dixerit
853 3399 880 3452 ia
898 3396 970 3454 libris
983 3394 1141 3453 deDeorum

117 3486 184 3533 temer
194 3478 232 3535 est
245 3479 276 3536 in
292 3477 435 3535 nonnullis
449 3479 599 3547 codicibus,
648 3492 753 3537 natura.
780 3477 960 3554 Empedoclea
973 3495 1008 3534 ex
1021 3478 1140 3533 versione

116 3566 145 3612 nt
159 3558 271 3615 testatur
292 3554 468 3629 Lambinus3
489 3560 540 3636 qul
555 3559 600 3615 lo·
649 3558 789 3617 Chalcidii
803 3558 833 3615 in
846 3558 1002 3625 Timaeum,
1018 3562 1044 3629 t.
1058 3557 1088 3614 li.

115 3654 171 3695 oum
183 3638 218 3695 fic
230 3638 385 3704 eonstiterit,
397 3646 432 3695 ut
449 3638 599 3697 edidimus.
689 3641 827 3697 Humorem
840 3636 944 3717 liquido,
955 3638 1033 3712 nostra
1052 3634 1140 3712 spira·

114 3714 175 3793 Legi
188 3728 284 3777 tamen
298 3720 462 3795 queatſsue
476 3718 598 3797 ipsarum
728 3719 784 3775 bile
789 3718 875 3791 statu.

22 3828 23 3833 κ
114 3812 201 3857 mewa
207 3798 343 3879 superiora
357 3809 516 3877 appetente..
649 3800 778 3875 Eundem
799 3798 907 3855 versum
931 3794 1059 3854 nonnihil
1084 3795 1140 3853 irn-

22 3936 23 3939 ,
149 3878 483 3957 ‘Sivequod-caeylmt]
497 3880 598 3939 Addu-
647 3888 791 3937 mutatum
805 3879 919 3956 profert,
934 3876 1058 3951 §.nervi
1078 3878 1139 3934 Ab·

22 4020 23 4025 1
114 3962 312 4017 tunturhaec'a
326 3958 423 4017 Nonio
437 3962 466 4017 in
481 3962 583 4036 coastat.
646 3960 749 4017 erravit
770 3978 836 4016 vero
858 3961 887 4018 P.
906 3956 1064 4025 Manutius,
1089 3959 1141 4034 qui

22 4028 24 4133 l
149 4035 312 4097 ‘Avernales
334 4040 363 4095 id
382 4040 420 4097 est
438 4038 594 4116 spirabiles]
646 4050 702 4097 trea
728 4040 843 4097 ultimas
863 4058 942 4099 voces
964 4036 1139 4097 Glossematis

117 4115 179 4194 aeg.
191 4130 219 4177 et
231 4120 328 4177 Vatic.
337 4118 496 4198 spiritabiles
505 4144 515 4194 3
537 4120 596 4179 Pal.
645 4121 802 4181 damnavit·
853 4183 856 4189 ,

117 4208 198 4274 quart.
210 4200 344 4279 spiritales
354 4224 364 4271 3
385 4200 503 4261 Petreos.
514 4201 595 4281 spiri·

631 4297 684 4357 ⁰3
