2817 4859
329 379 389 440 AD
407 377 579 441 Tuseon.
599 362 934 441 msrumriouas.
1089 395 1147 455 493

110 555 224 635 scriptia
245 555 316 634 sape
331 556 559 626 mnsunduntur;
583 553 683 636 Signis,
702 555 783 626 credo,
796 566 821 614 rs
840 555 938 616 tabuiis
958 574 1071 615 rioms.
1103 557 1150 616 sie

109 655 191 732 loqui
204 655 326 713 solebant
338 656 406 720 boni
419 655 563 733 scriptores
576 678 584 713 ε
607 656 755 726 Horatius,

210 783 244 832 Ut
254 785 350 847 lippum
358 783 530 848 praemiale,
542 787 649 833 somenta
660 787 799 848 podagram.
867 787 938 846 Epist.
950 787 967 833 i.
979 802 1001 837 2.

211 867 307 928 Cogeris
319 879 360 914 aut
368 867 436 929 picris
447 879 564 930 tanquam
576 867 677 928 gaudere
689 866 785 913 rabessis.
864 869 941 914 Serm.
954 867 971 914 i.
988 883 1008 916 1.

209 947 337 1010 Suspendit
343 949 407 1010 piria
418 949 514 997 vultum
525 959 683 1011 mentemque
694 948 785 996 tabella.
866 950 938 1010 Epist.
950 951 976 997 ii.
991 964 1012 998 t.

110 1061 212 1118 Cicero
226 1060 292 1138 ipse,
306 1061 340 1119 de
355 1062 426 1121 Nat.
441 1061 527 1122 Deor.
542 1062 572 1119 ii.
586 1079 637 1135 34.
659 1063 720 1136 Qr‘
732 1061 815 1138 igitur
826 1062 953 1128 convenit,
968 1079 1088 1119 storum
1100 1075 1149 1118 aar

106 1153 266 1216 'aaronem
281 1177 401 1216 rueram
414 1177 470 1216 cam
483 1156 635 1237 adsprrais,
647 1159 718 1235 srirr
732 1157 875 1216 adhibitam
888 1158 936 1236 effa
947 1173 1037 1217 arram.
1063 1169 1092 1215 et
1106 1159 1149 1218 iii.

109 1269 162 1332 37.
184 1255 274 1314 Nonne
292 1253 480 1314 animadvertis
500 1276 532 1312 ar
550 1266 586 1314 tot
606 1273 742 1314 aaronis
762 1275 964 1334 arcr1s‚qaam
984 1256 1059 1313 malti
1077 1257 1148 1312 voris

110 1355 169 1411 vim
192 1354 342 1434 rampssaris
359 1353 522 1432 ffugrm'ntr'
553 1357 605 1412 Pro
625 1353 728 1411 Roscio
740 1353 886 1421 Amerino,
906 1373 967 1430 cap.
983 1353 1053 1410 xlvi.
1078 1351 1152 1429 Quid

106 1465 235 1532 praerrrra
248 1450 336 1510 celati
349 1452 478 1530 argenti?
500 1450 700 1530 qaidstragulae
713 1471 747 1530 aa
766 1449 818 1508 is?
838 1449 904 1529 quid
916 1469 1079 1510 rrcraamt
1093 1471 1150 1508 aa·

112 1549 294 1608 auianum?
316 1545 381 1628 qaid
400 1552 591 1608 mauoauu?
621 1546 687 1628 quid
709 1547 842 1606 marmoris
862 1546 936 1625 apud
955 1547 1028 1606 iilum
1046 1547 1149 1626 puratis

106 1643 187 1726 affl?
218 1644 364 1723 Postquam
380 1647 439 1704 haec
454 1645 622 1723 scripseram,
636 1645 694 1702 sero
707 1647 760 1704 boc
773 1644 957 1703 animadverti
971 1644 1047 1722 apud
1059 1643 1148 1701 Lam·

111 1741 214 1798 binum
228 1763 235 1796 :
262 1739 385 1816 Quidam,
401 1740 504 1816 inquit,
519 1737 616 1798 rabulis
631 1740 719 1820 pisiis,
732 1739 814 1796 deirra
832 1759 895 1796 voce
911 1738 1003 1796 ludis:
1025 1737 1150 1816 aquibus

111 1835 235 1916 AEffmtia.
275 1837 356 1894 Itane
371 1855 443 1905 vero,
459 1837 501 1894 vir
519 1837 648 1915 optime?
670 1835 774 1894 nollem
789 1835 907 1894 fastum.
948 1835 1002 1892 Sed
1015 1834 1078 1894 aliie
1092 1835 1149 1894 tuis

113 1931 188 1992 resia
203 1931 284 1990 fastis
298 1935 349 1992 hoc
362 1944 485 1990 erratum
500 1933 669 2010 pensabitur.

157 2031 230 2106 Cap.
245 2028 352 2086 xxxvii.
372 2027 441 2102 Jam
461 2048 523 2086 vero
542 2027 656 2098 erisiam,
669 2029 700 2106 fi
719 2046 809 2086 rerum
827 2035 968 2096 naturam,
981 2045 1029 2084 narr
1042 2026 1150 2106 ignomi-

110 2125 185 2185 niam
205 2125 308 2182 nominis
331 2125 478 2204 quaerimus,
499 2139 623 2204 quantum
645 2123 745 2184 demum
769 2147 787 2183 a
805 2139 930 2205 perpetua
946 2129 1150 2205 peregrinatiane

110 2221 204 2298 differt
213 2221 246 2296 ι’]
269 2223 350 2280 Ouid
364 2224 410 2281 hie
423 2243 508 2282 reram
528 2237 626 2284 aarum
644 2223 740 2293 faciat,
754 2245 862 2301 nequeo
882 2225 1046 2303 intelligere.
1078 2228 1150 2286 Cor·

112 2319 182 2396 rige,
198 2319 257 2376 Rnr
279 2332 411 2378 naturam.
446 2321 475 2378 Si
496 2319 583 2398 ipsam
604 2320 681 2378 exiiii
705 2336 847 2389 naturam,
864 2341 919 2378 nou
940 2342 1043 2382 nomen
1064 2325 1148 2382 modo

111 2416 308 2494 expendimus.
349 2416 400 2475 sias
414 2426 442 2476 et
456 2436 542 2475 nomm
555 2417 648 2495 paffim
663 2427 854 2495 opponuntur.

156 2513 229 2570 ibid.
249 2517 288 2570 Ar
300 2513 365 2570 anim
374 2514 443 2590 star,
456 2514 594 2592 igaanrirria
613 2512 882 2594 affrmrsapicrrrrm:
905 2514 1070 2594 (desapirnrr
1083 2517 1149 2575 mim

113 2609 172 2669 sraer
181 2611 259 2668 omnis
273 2613 365 2684 aratia)
381 2612 424 2686 est,
437 2611 547 2683 cuijurr
559 2609 590 2669 id
601 2609 713 2670 arridere
726 2631 775 2668 marr
782 2610 878 2692 ροβε
892 2633 952 2670 nam
957 2615 1020 2687 jarr
1031 2613 1151 2692 rasulam-

113 2722 166 2767 rrm
175 2707 293 2786 confisam
302 2727 351 2765 rrarr
360 2707 478 2786 apamea]
493 2709 548 2766 His
557 2709 648 2766 verbio
658 2709 746 2767 edidit
756 2709 929 2776 Gebhardua
939 2708 1045 2768 insertio
1054 2724 1150 2770 tamen

114 2803 257 2872 asteriscis,
271 2805 320 2881 qui
334 2805 441 2882 aliquid
456 2805 501 2862 hic
514 2805 598 2862 deesse
609 2805 803 2865 monstrarent.
830 2807 954 2873 Horum,
968 2819 1002 2865 ut
1014 2807 1151 2885 loquitur,

103 2901 260 2979 foeditatrm
287 2903 395 2972 sustulit
416 2903 561 2982 postremae
583 2904 716 2962 editionis
743 2905 933 2962 concinnator.
982 2905 1149 2964 Praeclarum

114 3021 184 3060 vero
205 2997 330 3058 sabinus:
353 2999 398 3058 sed
417 2985 569 3077 quomodo,
583 2999 627 3058 bis
648 2999 771 3067 remotis,
783 3001 876 3056 locum
896 3000 1038 3076 integrum
1053 3011 1080 3058 et
1095 3003 1150 3060 sun.

113 3119 211 3160 cerum
233 3099 363 3177 praestat?
399 3099 476 3167 Sine,
490 3097 593 3176 inquit,
614 3097 721 3156 afficere
740 3095 893 3175 sapientem
915 3098 1082 3176 ignominia,
1099 3103 1151 3160 hoc

113 3197 164 3268 esi,
167 3199 230 3276 far,
240 3216 313 3278 pom.
342 3197 406 3256 Hoc
420 3197 544 3273 primum
557 3195 596 3254 esi
609 3196 732 3256 hominia
745 3195 880 3273 elegantia
893 3207 1058 3273 peccatum:
1081 3219 1150 3260 nam

102 3299 166 3376 star
186 3295 325 3374 nusquam
339 3295 412 3351 valet
421 3295 476 3368 far
496 3294 538 3351 vel
555 3309 628 3373 parre,
642 3294 687 3352 sed
701 3295 821 3373 permitte
840 3303 890 3352 aut
909 3297 1000 3353 mirra:
1021 3296 1096 3374 quod
1117 3299 1152 3355 ab

115 3397 169 3452 hac
188 3393 322 3452 sententia
342 3391 449 3470 prorsus
472 3391 607 3451 alienum.
649 3393 763 3460 Verum,
784 3391 839 3451 esto
859 3401 893 3449 ut
913 3391 1047 3468 significet
1064 3410 1149 3471 parre:

115 3490 187 3569 quid
208 3500 270 3547 tum
292 3487 404 3567 postea?
426 3506 477 3544 cur
498 3485 567 3544 illud
589 3487 726 3555 concedit,
750 3487 826 3562 quod
849 3485 967 3542 omnino
990 3489 1149 3564 negandum

115 3591 199 3660 erati
233 3587 321 3654 Ponit,
344 3584 447 3662 inquit,
466 3597 496 3642 ur
517 3603 569 3642 rrm
581 3585 693 3661 fatrmm
712 3582 839 3662 psaarqur
862 3580 1012 3659 absurdam.
1053 3585 1152 3644 Homo

115 3685 183 3744 sane
203 3679 312 3744 suaits:
336 3683 426 3740 immo
446 3682 558 3739 alteriue
579 3683 639 3740 brec
659 3682 730 3738 ratio
747 3680 794 3748 esi,
816 3697 873 3736 non
888 3681 1040 3749 Ciceronis,
1055 3684 1153 3742 omnia

106 3783 192 3860 sarar
211 3797 235 3841 rr
259 3779 367 3860 absurda
389 3799 499 3858 ponere.
540 3779 600 3846 Sed,
614 3789 647 3836 ut
668 3777 792 3835 maxime
811 3790 898 3854 ponat
918 3797 976 3836 rem
989 3779 1107 3848 satuam,
1123 3793 1154 3840 at

115 3889 190 3937 eene
212 3897 273 3936 eam
298 3875 417 3934 refellere
440 3876 532 3952 postea
552 3885 579 3933 et
602 3873 722 3934 refutare
742 3876 876 3932 debebat:
899 3875 971 3931 nibss
991 3885 1085 3933 autem
1107 3877 1153 3934 hie

117 3971 254 4051 ejusmodi
269 3974 316 4032 esi.
356 3972 471 4030 Omitto
491 3971 546 4029 alia
562 3971 641 4040 vitia,
656 3954 723 4048 qum
741 3971 823 4028 saciie
836 3969 901 4028 esset
914 3970 1061 4048 prosequi:
1085 3972 1153 4030 n'am

119 4070 190 4149 quid
202 4089 255 4148 ego
266 4089 332 4130 cum
348 4069 397 4129 illo
410 4069 519 4146 loquar,
532 4070 578 4128 cui
599 4079 713 4128 tanturn
730 4067 833 4145 judicii
853 4079 881 4126 et
900 4070 1039 4128 acuminis
1058 4071 1106 4140 esi,
1121 4081 1155 4130 ut

119 4167 261 4228 meliorei
281 4165 378 4238 fixerit,
393 4169 423 4226 in
443 4163 631 4226 Obscumrum
646 4167 781 4225 Virorum
804 4165 940 4243 Epistolaa
959 4170 1155 4237 commentari,
