2817 4859
295 367 301 374 '
374 359 899 438 nlntnsncurtnun‘
1076 392 1131 454 131

98 529 103 536 '
141 519 273 594 Pinnata
285 529 391 596 mutin
404 529 541 597 nostrum
554 531 664 599 adulat
677 531 874 621 sangninem.

143 615 225 678 Cum
239 638 314 679 vero
328 617 456 681 adesum
471 617 583 682 inflatu
596 633 783 684 renovatum
794 621 947 720 estjecur,

141 689 219 764 Tum
234 702 357 765 rursum
373 715 471 767 tetros
485 701 575 768 avida
589 705 619 768 se
632 703 673 768 ad
686 705 790 792 pastun
803 710 910 775 retent.

137 791 159 823 ¹¹²
170 785 223 848 Sic
235 785 321 850 hanc
333 785 493 852 custodem
507 789 609 852 moesti
622 791 779 854 cruciatus
793 791 865 873 alo;

134 870 216 956 Quae
229 891 284 935 me
298 871 429 958 perenni
442 871 547 937 vivum
561 871 661 939 soedat
675 875 807 940 miseria.

135 955 298 1042 Namque,
316 971 351 1021 ut
364 957 486 1038 videtis,
501 957 611 1022 vinclis
626 960 810 1025 constrictus
821 959 920 1042 lotia,

134 1043 255 1105 Aroere
269 1062 394 1128 nequeo
409 1041 509 1108 diram
523 1044 683 1110 volucrem
697 1067 717 1109 a
729 1045 871 1132 pedore.

135 1125 186 1189 Sic
199 1147 254 1190 me
269 1127 334 1213 ipsc
347 1127 469 1208 viduus,
480 1130 583 1228 pestes
596 1129 720 1228 excipio
732 1130 859 1212 anxia„

134 1212 255 1274 Amore
270 1213 382 1276 mortis
396 1227 568 1278 terminum
582 1236 751 1302 anquirens
765 1216 861 1282 malit

134 1295 196 1358 Sed
206 1295 308 1382 longe
319 1320 338 1360 a
351 1297 416 1362 leto
431 1299 561 1362 numine
572 1301 609 1364 as
626 1301 704 1365 ellor
714 1301 811 1365 lovis.

133 1379 177 1446 At
200 1403 242 1444 ue
257 1381 327 1446 haec
342 1381 459 1447 vetusta
473 1383 568 1448 saeclis
581 1323 758 1472 glomerata
772 1381 919 1467 horridis,

132 1465 181 1528 Lu
215 1465 287 1530 ilica
298 1467 405 1531 clades
419 1469 521 1532 nostro
536 1466 630 1534 infixa
643 1471 685 1534 est
699 1472 823 1557 corpori
837 1497 845 1535 z
939 1500 944 1513 ·

130 1563 146 1593 ³
155 1551 201 1614 Ex
216 1573 282 1636 quo
296 1551 424 1639 liquatae
439 1553 510 1618 solis
525 1553 634 1619 ardore
647 1555 799 1623 excidunt

131 1636 254 1716 Gutta,
268 1658 341 1723 quae
355 1638 425 1702 saxa
439 1639 552 1703 allidue
564 1639 712 1706 instillant
725 1641 865 1706 Caucafi.

92 1749 160 1824 Vix
175 1751 287 1850 igitur
311 1753 410 1852 polle
427 1753 590 1830 videmur
607 1755 655 1830 ita
671 1757 846 1832 affectum
864 1779 937 1830 non
955 1757 1121 1833 misemm

91 1849 229 2021 {licem
257 1871 295 1926 et
323 1854 352 1926 st
379 1853 477 1928 hunc
504 1854 698 1943 miserum3
726 1873 821 1930 certe
850 1857 1014 1929 dolorem
1043 1878 1120 1931 ma·

105 1975 175 2023 um.

134 2049 183 2122 X.
211 2049 259 2124 A.
282 2049 345 2124 Tu
377 2049 524 2148 quidem
558 2053 676 2126 adhuc
709 2074 827 2128 meant
859 2057 999 2128 causam
1029 2054 1117 2154 agis.

86 2261 192 2323 affixus.
217 2267 290 2326 Vide
304 2263 474 2335 Lucianum,
486 2269 577 2330 Prom.
627 2263 775 2330 confirmat
787 2293 794 2328 ε
817 2284 867 2328 nec
881 2278 939 2329 tam
953 2272 1033 2347 inops
1049 2278 1119 2340 erat,

84 2345 469 2424 tcm.i.p.173.ed.Amst.
491 2347 578 2408 Clau·
627 2351 671 2412 vel
699 2361 758 2409 tarn
786 2351 924 2428 perfrieiae
951 2352 1060 2416 frontis,
1084 2359 1119 2405 ut

82 2426 189 2484 dianna
211 2425 247 2484 de
267 2429 321 2485 lll.
339 2429 422 2488 cons.
444 2431 577 2502 Honorii,
627 2431 716 2489 aliena
729 2432 777 2490 fibi
792 2431 961 2489 adscriberet.
1004 2431 1120 2487 Memo-

82 2505 126 2578 ps.
147 2505 186 2564 16
184 2519 214 2582 5.
625 2511 668 2570 tia
688 2512 776 2589 igitur
795 2511 888 2588 lapsus
905 2511 943 2567 est
957 2509 1118 2577 Marcellus,

121 2587 204 2645 -Et
214 2588 457 2648 Vam'sclementes
465 2593 576 2650 advolat
625 2612 674 2650 nec
699 2605 795 2651 tamen
819 2593 1016 2650 Prometheum
1033 2591 1118 2648 Accii

160 2688 254 2727 eume.
623 2671 701 2730 suiffe
723 2673 846 2731 sabulam
874 2673 1018 2748 negarim:
1047 2690 1115 2728 nam

84 2749 160 2807 Idem
194 2750 227 2808 in
254 2749 369 2808 Probini
405 2761 432 2809 et
461 2751 573 2830 Olybrii
624 2751 780 2834 Προμηθέα
800 2749 952 2830 δεσμώτην,
973 2749 1116 2830 λυόμενον,

82 2829 219 2890 emtas.
237 2847 305 2904 174.
561 2889 567 2902 ,
622 2844 650 2891 et
663 2832 788 2911 πυρκαὲα
799 2836 851 2892 sive
863 2829 996 2911 πυρφόρον
1010 2833 1114 2908 scripit

121 2911 239 2969 -Velox
253 2912 316 2984 jam
335 2912 443 2971 nunnus
463 2915 574 2973 advolat
621 2913 794 2991 AEschylutr
821 2931 940 2990 quorum
965 2908 1115 2992 δραμάτων

161 2993 266 3050 urbem.
621 2995 746 3070 primum
768 2993 859 3050 forsan
879 2992 984 3049 nectua
1008 2992 1037 3048 in
1058 2989 1116 3048 lin·

78 3071 488 3152 Amm.bsarcellinue,xvi.9.
505 3076 574 3133 Per·
620 3091 705 3150 guam
720 3074 852 3132 Latinam
870 3071 1028 3142 transtulit3
1050 3072 1120 3130 nos-

78 3151 172 3212 halt:
184 3151 320 3213 advolaret
333 3153 450 3230 affldtcos.
490 3155 572 3214 Mul·
618 3166 670 3223 ter,
685 3155 759 3213 hanc
772 3155 881 3213 secundi
897 3152 1073 3232 particulam.

78 3243 106 3292 ta
132 3233 197 3292 sunt
224 3231 394 3311 hujusmodi.
434 3235 507 3294 Vide
538 3238 571 3294 stt
658 3243 681 3272 ”¹
711 3235 757 3294 Sic
778 3237 850 3293 banc
875 3233 1114 3312 custodem-Qua

79 3315 243 3374 Salmatiunt
261 3316 297 3374 ad
310 3315 517 3375 Tertullianum
536 3318 571 3374 de
618 3335 657 3372 me
675 3315 792 3396 peremi]
824 3317 928 3394 Vulgo,
951 3313 1113 3394 bonu-qui.

76 3395 174 3464 Pallio,
194 3415 225 3473 p.
240 3415 311 3470 404.
352 3397 436 3454 Porro
455 3395 569 3456 Nonius
618 3397 671 3453 Sed
685 3395 843 3455 emendatio
851 3397 898 3455 ct.
910 3393 1027 3455 Bentleii
1039 3395 1112 3452 mihi

76 3475 106 3533 in
128 3474 249 3535 adulatio
267 3475 347 3534 hosce
371 3477 462 3535 versus
486 3479 569 3536 Accii
617 3479 760 3552 probatur,
775 3479 849 3553 quod
863 3478 892 3534 iu
914 3478 965 3534 bac
985 3494 1013 3531 re
1029 3494 1112 3553 geum

74 3555 240 3616 Prometheo
262 3567 389 3634 acceptor
408 3557 499 3618 refert.
541 3559 569 3616 Ῑι
607 3557 778 3631 femininum
790 3559 868 3633 prius
882 3555 1020 3616 adhibuit.

73 3637 209 3695 Accianre
221 3635 306 3714 hujus
322 3638 424 3698 fabulae
438 3637 569 3697 meminit
657 3645 672 3674 ⁰
681 3637 725 3694 Ex
734 3657 792 3714 quo
801 3637 921 3716 quuatae]
933 3635 1022 3695 Hasce
1030 3655 1110 3692 voces

72 3718 161 3776 etiam
196 3718 227 3776 in
259 3718 355 3784 Gelue,
385 3717 568 3779 subscribente
617 3718 752 3796 temporis
762 3719 967 3796 longitudinem
980 3718 1110 3774 denotare

72 3797 222 3868 Prisciano,
233 3799 284 3856 lib.
297 3800 338 3858 vi.
348 3798 402 3856 eol.
413 3801 451 3858 68
454 3813 481 3878 5.
497 3819 568 3876 qua·
616 3817 762 3876 perperam
778 3797 918 3876 judicavit
931 3797 1030 3857 Joacb.
1052 3796 1115 3852 Ca-

70 3889 186 3956 propter
210 3879 375 3938 Ciceronem
408 3881 568 3939 diffimulati
617 3879 770 3948 merarim3
792 3880 930 3956 adipsum
946 3876 1023 3934 eninr
1043 3875 1111 3933 Pro·

69 3959 329 4035 sculpterieincusat
340 3961 399 4020 Pet.
406 3961 566 4026 Scriverius,
617 3961 721 4018 metbei
734 3979 834 4038 corpus
850 3959 1008 4036 respiciunt.
1050 3957 1108 4014 ndi

68 4041 121 4098 Fr.
131 4039 217 4115 Tng.
229 4061 259 4119 p.
274 4041 395 4115 r4o.etl.
410 4041 502 4118 Lugd.
524 4044 567 4100 At
615 4041 649 4096 ste
676 4041 763 4100 Hadr.
790 4041 965 4108 Turnebum,
991 4037 1109 4097 Adters.

68 4119 193 4177 Tullius
204 4120 315 4198 hujusce
331 4121 396 4178 libri
417 4141 478 4200 cap.
492 4141 520 4179 x.
541 4121 567 4178 se
616 4121 644 4176 ii.
659 4139 689 4197 9.

67 4201 152 4259 bunc
171 4201 263 4262 tum
282 4203 319 4261 de
332 4203 442 4262 'Graeco
462 4202 567 4262 vertisse

593 4299 649 4341 xa
