2817 4859
305 305 362 376 ild
510 307 700 372 TUSCUL.
728 304 1116 372 DISPUTATIONUM

301 490 393 568 quos
421 493 495 544 non
523 483 716 548 contemno
743 469 923 570 equidem,
949 465 1084 565 quippe
1115 485 1207 561 quor
1230 481 1316 536 nurt-

301 593 410 666 quam
435 569 594 668 legerim.
644 572 715 642 Sed
745 569 829 667 quia
852 568 1066 668 profitentur
1091 563 1157 662 ipsi
1184 560 1237 634 illi
1259 558 1316 658 qui

301 689 361 740 cos
379 667 537 742 scribunt
548 670 588 764 ‚se
604 693 720 766 neque
736 667 904 742 distinete
922 689 1037 764 oeque
1054 661 1239 736 distribute
1259 683 1316 732 ue·

301 787 372 860 que
390 768 567 866 eleganter
583 791 699 867 neque
714 785 835 842 ornate
860 765 1022 854 scribere,
1038 758 1229 836 lectionem
1250 757 1315 832 line

301 866 375 937 ulla
404 865 635 940 delectatione
664 857 826 966 negligo.
878 865 978 940 Quid
1008 863 1106 936 enim
1137 859 1257 932 dicant
1284 872 1316 930 et

301 963 391 1059 quid
417 964 566 1038 sentiant
590 963 628 1036 hi
654 966 718 1063 qui
733 966 826 1038 'suot
852 965 897 1038 ab
922 987 963 1036 ea
983 956 1195 1132 disciglinm
1220 977 1315 1031 nemo

301 1061 527 1136 mediocriter
541 1062 687 1160 quidem
713 1065 844 1137 dodlus
869 1063 1019 1161 ignorat.
1109 1059 1315 1142 uamobrem,

301 1161 472 1256 quoniam
489 1164 792 1260 quemadmodum
808 1162 930 1236 dicant
955 1158 1020 1258 ipsi
1045 1183 1119 1232 nou
1144 1158 1312 1229 laborant:

302 1283 366 1332 cur
390 1261 532 1360 legendi
556 1263 665 1351 fiot,¹
678 1261 744 1334 nisr
770 1260 834 1360 ipsr
860 1261 951 1334 iuter
977 1260 1024 1344 se,
1040 1257 1106 1354 qui
1130 1255 1225 1329 idem
1247 1253 1314 1326 sen-

301 1357 408 1444 tiunt,
427 1385 498 1433 non
524 1360 698 1460 intelligo.
749 1361 859 1446 Nam,
879 1376 921 1432 ut
946 1359 1132 1431 Platonem
1158 1347 1312 1450 reliquos·

302 1481 374 1556 que
398 1457 596 1532 Socraticos
621 1477 657 1532 et
680 1461 847 1557 deinceps
872 1483 932 1532 eos
956 1457 1019 1554 qui
1037 1459 1086 1530 ab
1103 1454 1158 1528 his
1173 1446 1311 1552 profesti

302 1557 383 1636 sunt
398 1558 523 1656 legunt
540 1583 687 1642 omnes3
714 1557 820 1632 etiarn
844 1557 907 1655 qui
932 1556 992 1628 illa
1015 1571 1081 1628 aut
1105 1577 1175 1627 non
1201 1572 1312 1650 appro-

302 1658 388 1728 bant
404 1672 464 1728 aut
480 1681 553 1729 non
570 1655 811 1732 studiosrslrme
827 1655 1103 1739 consectantun
1130 1650 1311 1752 Epicurum

302 1775 420 1828 autem
443 1773 478 1828 et
502 1755 757 1836 Metrodorum
782 1780 853 1828 non
878 1755 951 1826 sere
1002 1773 1107 1826 raeter
1132 1754 1207 1826 suos
1229 1747 1310 1847 quis·

301 1877 410 1952 quam
433 1853 469 1926 in
496 1879 619 1926 manus
644 1854 776 1937 sumit:
801 1853 851 1926 sic
877 1851 943 1927 hos
1021 1850 1118 1926 tinus
1135 1851 1173 1926 hi
1195 1849 1253 1923 soli
1268 1851 1310 1919 le·

301 1969 404 2046 gunt,
421 1951 484 2056 qui
511 1951 571 2024 illa
592 1953 689 2024 recte
713 1951 785 2026 dici
803 1969 939 2049 putant.
990 1951 1112 2025 Nobis
1137 1944 1308 2024 autemid*

301 2047 417 2138 iletur,
451 2051 624 2146 quicquid
656 2049 766 2123 literis
798 2052 985 2122 mandetur
1018 2047 1056 2121 id
1086 2041 1308 2124 commendari

300 2147 464 2220 omnium
493 2149 713 2222 eruditorum
739 2147 887 2222 lectioni
918 2151 1072 2222 decere:
1107 2173 1186 2237 nec,
1210 2146 1256 2218 ⁸s1
1279 2142 1308 2214 id

300 2245 367 2344 ipst
384 2249 500 2319 minus
523 2246 689 2346 consequi
711 2249 905 2346 possumus,
923 2245 1059 2320 idcirco
1077 2247 1194 2320 minut
1216 2245 1251 2318 id
1270 2243 1308 2314 ita

300 2345 504 2420 faciendum
520 2345 588 2418 esse
607 2345 786 2420 sentimur.
830 2346 953 2442 Itaque
970 2345 1062 2417 mihi
1080 2347 1213 2446 semper
1227 2339 1307 2416 Peri·
1362 2372 1363 2385 ¹

299 2445 537 2542 pateticorum
554 2442 832 2540 Academiaeque
854 2445 1077 2518 consuetudo
1102 2445 1147 2518 de
1163 2442 1306 2518 omnibus

300 2543 406 2616 rebus
432 2545 469 2614 in
494 2540 683 2614 contrarias
713 2561 826 2638 partes
852 2539 1054 2632 disserendi,
1078 2569 1152 2618 uon
1180 2543 1306 2617 obeam

301 2641 442 2712 causam
459 2639 572 2710 solum
596 2639 744 2735 placuit,
761 2642 862 2735 quod
885 2639 1085 2716 alitornon
1108 2643 1218 2741 poll'et
1236 2635 1306 2750 quid
1358 2706 1359 2711 ,

299 2735 361 2808 ‘in
383 2761 454 2836 qua
480 2761 525 2808 ue
552 2761 587 2807 re
612 2735 799 2810 verisimile
824 2739 910 2810 esset
935 2739 1112 2828 inveniri3
1137 2741 1195 2814 sed
1219 2755 1304 2811 eoam
1357 2776 1358 2783 κ

300 2838 401 2936 quod
433 2763 519 2910 edict
550 2859 591 2907 ea
622 2835 779 2909 maxima
809 2833 954 2910 dicendi
986 2837 1218 2914 exercitatior
1250 2853 1306 2932 qut
1355 2912 1357 2949 ,

301 3067 368 3146 plria
376 3067 546 3144 scripserant.
566 3071 620 3128 an
631 3069 790 3148 perstrinxit
837 3069 945 3128 Soloeca
968 3082 1041 3130 certe
1064 3075 1103 3132 est
1124 3074 1219 3141 oratio,
1237 3083 1304 3148 quam
1352 3046 1355 3109 l

301 3167 366 3204 cum
393 3148 469 3219 alibi,
496 3159 558 3206 tum
586 3149 668 3226 supra
695 3149 746 3208 lib.
769 3149 789 3207 i.
837 3151 934 3228 praese
948 3151 1043 3211 serunt
1056 3155 1175 3231 vulgati.

299 3245 490 3385 “liant
504 3307 617 3384 arasa]
641 3309 674 3366 ιη
689 3307 789 3366 munt.
831 3225 1305 3388 ardfflrssslddffl‘i

299 3385 354 3447 sec.
380 3387 463 3446 haber
485 3388 572 3465 legant
594 3389 640 3467 t'pfi
658 3389 724 3446 inter
736 3387 788 3465 sc:
837 3409 888 3448 nos
907 3393 979 3469 Reg.
1004 3393 1082 3454 Med.
1107 3394 1215 3454 Bolllol.
1234 3405 1258 3448 et
1276 3387 1304 3444 Ε·

300 3471 375 3525 uude
395 3467 502 3525 rescribi
523 3468 611 3546 possit,
629 3489 675 3526 cur
693 3467 791 3546 legend
837 3471 914 3530 liens.
930 3483 992 3531 tert.
1008 3485 1151 3553 acceptam
1167 3473 1299 3532 referimus·

289 3549 349 3628 fiat
363 3547 471 3624 (legant
489 3547 535 3640 ‘pst
551 3548 616 3605 inter
624 3547 656 3628 se
668 3549 714 3628 qui
726 3547 791 3606 iden
878 3555 889 3587 l
907 3554 939 3609 Ia
953 3573 1064 3630 quaque
1077 3557 1119 3631 re]
1139 3555 1241 3631 Vulgo,
1251 3565 1303 3606 uua·

291 3627 420 3707 stolone)
436 3647 483 3684 aon
496 3627 614 3704 intelligo.
655 3629 731 3686 Cum
746 3641 791 3686 ta·
838 3649 1020 3709 magnacum
1031 3635 1302 3714 quibuasaciuotmfl·

302 3725 368 3766 men
383 3707 410 3764 in
425 3727 457 3764 eo
469 3707 539 3764 libro
552 3707 672 3766 maxime
690 3707 790 3785 gressu
838 3712 909 3768 nulli
922 3715 1039 3775 codices.
1064 3720 1106 3775 At
1117 3736 1166 3776 noa
1178 3733 1235 3773 eam
1248 3725 1304 3768 rect·

301 3797 332 3846 ta
347 3787 509 3849 lit-audacia
520 3787 635 3852 librarii,
647 3807 696 3845 nec
705 3789 732 3845 ei
742 3807 790 3844 oo·
838 3791 932 3866 pimus
946 3793 1195 3875 lediionem,quam
1205 3785 1303 3849 Victorii

301 3867 355 3924 dex
364 3867 433 3924 alius
443 3869 552 3925 accedat
561 3865 711 3942 fidejussor:
727 3887 789 3924 onr-
837 3872 947 3946 praeslat
954 3875 1053 3946 editio,
1065 3897 1204 3954 quamque
1211 3873 1302 3931 timot

303 3945 372 4004 nino
388 3945 512 4022 legerim,
526 3947 574 4024 nist
592 3945 655 4024 ipsu
674 3947 740 4004 inter
749 3944 791 4024 sc,
836 3949 910 4028 Reg.
922 3952 1000 4012 Med.
1012 3957 1112 4018 Elieus.
1123 3958 1174 4018 sec.
1185 3964 1244 4016 tert.
1253 3945 1303 4010 11²1·

303 4043 361 4100 quo
387 4027 470 4082 modo
496 4029 603 4102 primus
632 4027 791 4085 emendavit
838 4027 897 4090 liol.
912 4044 941 4092 et
954 4035 1073 4097 Peticus.

302 4104 347 4164 vir
367 4103 532 4164 dodliffimue
551 4109 633 4188 Juau.
654 4107 789 4169 Clericus.
