2817 4859
273 393 331 472 με
480 389 675 452 ruscuu.
702 380 1090 459 ortrurnrrouurr

271 549 375 628 cilius
392 549 504 624 otetio
527 547 695 648 progredi
717 549 825 648 pollet
848 547 1018 648 longius?
1060 547 1161 621 Inter
1181 556 1313 622 omnes

270 651 381 749 igitur
405 650 476 722 hoc
502 650 652 739 constat,
671 651 736 722 n'ec
764 647 893 722 doctor
916 647 1079 722 homines
1104 647 1220 721 solum
1243 647 1311 722 sed

261 749 379 824 etiem
404 747 583 837 indoctos,
605 746 764 820 virorum
786 749 856 820 effe
876 748 1025 821 fortium
1054 763 1092 820 et
1117 747 1311 846 magnani-

272 872 415 922 morum
431 865 467 919 et
491 845 702 946 patientium
728 863 764 919 et
788 847 945 920 humana
960 844 1195 936 vincentium,
1212 847 1311 920 tole-

271 965 388 1020 ranter
413 947 574 1018 dolorem
602 944 698 1044 pati;
726 966 793 1018 nec
815 971 902 1019 vero
927 945 1115 1044 quisquam
1140 945 1221 1034 fuit,
1239 943 1309 1042 qui

271 1069 368 1132 eum,
399 1044 463 1143 qui
496 1043 545 1118 ita
575 1062 765 1142 pateretur,
797 1069 870 1117 non
899 1047 1119 1119 laudandum
1148 1063 1309 1142 putaret.

270 1145 385 1219 Quod
402 1167 487 1242 ergo
504 1163 538 1216 et
555 1143 753 1242 postulatur
768 1166 789 1217 a
804 1143 967 1233 fortibus,
985 1161 1022 1218 et
1038 1145 1202 1217 laudatur
1217 1167 1311 1215 cum

270 1244 343 1330 fit;
370 1241 407 1316 id
421 1261 493 1315 'aut
515 1242 746 1317 extimescere
760 1242 919 1332 veniens,
936 1258 1086 1316 autnon
1103 1244 1193 1314 ferre
1209 1266 1311 1340 prae-

262 1342 362 1431 (ωε,
381 1361 499 1415 nonne
516 1361 554 1415 tu
634 1341 714 1416 esti
756 1341 872 1441 Atqui
887 1341 984 1432 vide,
1000 1365 1059 1427 ne,
1079 1350 1164 1414 cuin
1180 1365 1312 1414 onmes

272 1441 382 1514 redtae
398 1441 504 1513 animi
529 1467 550 1514 a
580 1441 735 1514 ediones
750 1438 899 1514 virtutes
916 1466 935 1513 a
962 1441 1151 1538 pellentur,
1170 1465 1242 1512 non
1261 1439 1312 1513 stt

273 1540 345 1613 hoc
370 1539 557 1638 proprium
581 1563 713 1612 nomen
730 1539 907 1623 omnium,
925 1466 984 1612 ἑὰ
1001 1540 1046 1612 ab
1063 1564 1116 1624 ea,
1134 1561 1215 1636 quae
1231 1564 1311 1613 una

273 1638 411 1712 caeteris
437 1639 648 1729 excellebat,
665 1663 787 1711 omnes
813 1637 1006 1712 nominatae
1028 1638 1125 1712 sint:
1152 1640 1307 1736 uappel-

271 1739 343 1810 lata
367 1738 419 1810 est
443 1737 539 1810 enim
562 1761 608 1810 ex
633 1737 713 1810 viro
738 1737 885 1823 Virtus3
920 1736 988 1811 viri
1018 1754 1135 1811 autem
1160 1735 1311 1835 propria

273 1835 429 1909 maxime
447 1837 498 1909 est
514 1835 700 1924 fortitudo,
718 1836 819 1935 cujus
840 1861 988 1910 munera
1004 1838 1078 1910 duo
1100 1836 1180 1909 sunt
1202 1861 1310 1908 max-

272 1934 357 2024 imo,
382 1935 504 2008 mortis
529 1935 730 2034 dolorisque
755 1935 988 2034 contemptio.
1038 1935 1228 2008 Utendum
1255 1937 1312 2007 est

273 2031 384 2129 igitur
410 2034 489 2119 his;
515 2034 544 2105 fi
571 2033 716 2107 virtutis
737 2055 921 2132 compotes
950 2035 1009 2108 vel
1034 2035 1154 2134 potius
1178 2034 1217 2106 st'
1235 2033 1308 2106 v'iri

272 2132 440 2204 volumus
465 2131 559 2207 effe:
591 2129 626 2234 [¹
635 2132 806 2230 quoniam
823 2159 844 2206 o
860 2132 945 2207 viris
961 2131 1073 2207 virtut
1097 2157 1230 2206 nomen
1254 2136 1309 2206 est

274 2229 467 2402 mutuatai]

322 2329 431 2402 XVll
454 2387 464 2404 .
490 2331 637 2404 Quaeres
662 2327 816 2420 fortasse,
833 2330 921 2404 Quo
941 2331 1079 2403 modo?
1114 2346 1151 2403 et
1176 2331 1306 2404 redte:

266 2429 380 2504 ‘talem
398 2429 495 2502 enirn
512 2429 727 2503 medicinam
743 2429 885 2540 philoso
912 2427 970 2501 hia
982 2429 1184 2528 profitetur.
1209 2429 1308 2502 tve-

273 2527 328 2600 nit
345 2527 522 2624 Epicurus
539 2529 651 2602 homo
666 2526 814 2601 minime
831 2455 944 2602 malus
961 2529 1019 2602 vel
1033 2527 1151 2640 potius
1168 2527 1224 2602 vir
1240 2553 1310 2628 op-

274 2626 407 2700 timus:
434 2645 575 2700 tanturn
590 2644 724 2713 monet,
740 2645 916 2725 quantum
933 2625 1115 2724 intellegit.
1147 2623 1307 2738 Negh'gc,

275 2722 405 2820 inquit,
429 2721 583 2796 dolorem.
634 2723 823 2798 Quisehoc
848 2725 962 2825 dicit?
1008 2728 1122 2812 Idem,
1144 2751 1208 2823 qut
1237 2729 1310 2800 do·

274 2822 387 2894 lorem
403 2821 581 2896 summurn
599 2825 732 2895 malum
749 2825 761 2896 l
796 2823 870 2896 Vix
887 2824 964 2897 satis
979 2827 1193 2898 constanter.
1224 2825 1308 2896 Au-

274 2921 423 2994 diamus.
465 2935 480 2968 ²
495 2922 533 2994 Si
543 2923 690 3014 stemnius
706 2919 801 2994 dolor
817 2924 871 3015 est,
889 2921 1020 3020 inquit,
1036 2923 1154 3022 neceffe
1170 2924 1214 3016 est
1229 2922 1310 2996 bre·

273 3046 347 3090 vern
364 3022 436 3118 effe.
486 3023 720 3096 ¹lterandum
745 3023 869 3094 eadem
885 3021 950 3094 ista
972 3021 1090 3098 mihi:
1117 3020 1310 3096 nonenim

196 3265 199 3284 .
315 3241 330 3270 ²¹
342 3232 487 3312 Appellato
510 3234 544 3308 est
569 3235 634 3292 enim
653 3253 686 3292 ex
706 3235 765 3293 viro
814 3232 1015 3316 σχολιαςικῶς
1028 3235 1123 3294 addita
1132 3237 1311 3296 meritoeen·

274 3313 376 3386 uirtus]
408 3315 475 3372 Non
500 3315 580 3371 aliter
602 3315 765 3374 lndtentiue
814 3316 991 3375 setUrfinue.
1025 3317 1173 3376 humen
1185 3318 1310 3377 retinent

275 3396 310 3452 de
323 3393 404 3471 Opis.
419 3395 484 3462 Dei,
499 3413 524 3452 e.
540 3393 590 3453 xli.
620 3396 666 3452 Vir
678 3397 767 3474 itaque
813 3415 911 3454 omnes
923 3397 1018 3456 nostrl.

264 3475 418 3532 'wndnotus
436 3477 480 3550 est,
503 3473 573 3553 quod
592 3476 672 3548 neojur
694 3477 722 3534 in
739 3495 767 3534 a
853 3485 867 3525 Υ
889 3479 969 3536 Venit
992 3477 1307 3556 Epicurus—inteffigie]

275 3555 320 3615 uir
334 3556 378 3630 est,
390 3576 467 3635 quam
488 3555 514 3612 in
524 3556 650 3630 furmina,
668 3570 694 3614 er
707 3555 767 3614 binc
815 3557 923 3614 {nudat
937 3557 1164 3630 contionante
1174 3559 1310 3620 Gnmm.

276 3636 364 3694 virtus
382 3656 469 3695 nomen
488 3636 597 3714 accepim
620 3657 704 3714 quem
726 3638 768 3694 lo-
816 3637 865 3696 lib.
879 3639 911 3694 ii,
925 3639 980 3696 col.
997 3639 1063 3718 185.

277 3737 343 3774 eum
357 3715 413 3774 sere
427 3715 565 3794 deseripfit
579 3717 706 3786 lfidotur,
724 3717 768 3774 0-
856 3717 922 3776 ιδι’
931 3719 1050 3796 smnus
1063 3718 1133 3778 dolor
1144 3719 1310 3800 est-aecffe

277 3799 330 3873 rig.
345 3796 394 3854 lib.
408 3795 448 3856 xi.
462 3817 487 3856 c.
498 3813 526 3855 n.
552 3797 709 3855 Vetiverbii
722 3815 767 3856 ra·
814 3797 850 3874 est
867 3797 968 3856 brevem
986 3799 1045 3878 effe]
1066 3799 1112 3858 De
1124 3802 1177 3858 hoc
1190 3799 1311 3877 Epicuri

278 3879 318 3933 tio
337 3879 383 3944 eli,
399 3879 475 3954 quod
491 3877 588 3946 vetus,
608 3889 640 3934 ut
659 3879 767 3936 Graeciu
815 3876 892 3936 dieto
916 3887 1041 3938 vetemnt
1069 3881 1131 3938 loca
1157 3880 1311 3957 diligenter

268 3955 374 4031 ἀ’ρετὴ,
396 3959 508 4038 proprie
515 3957 698 4032 fortitudinem
718 3959 767 4018 de-
815 3959 929 4036 collegit
939 3961 996 4020 Th,
1010 3961 1169 4020 Gatalterue
1188 3963 1223 4019 ad
1241 3961 1311 4020 Au·

278 4039 401 4093 uetabat.
813 4039 906 4098 tonini
919 4040 969 4097 rii.
985 4059 1035 4116 33.

318 4121 333 4150 ¹
356 4117 479 4192 Quonim
495 4135 514 4175 a
532 4115 598 4174 viris
616 4117 703 4174 viteres
720 4137 767 4175 no·
855 4127 869 4157 ·
889 4121 1051 4180 lterandum
1067 4121 1153 4180 eaden
1165 4121 1215 4195 ida
1229 4119 1307 4195 tribe]

277 4213 331 4254 nen
345 4197 520 4272 almorum]
540 4199 657 4258 Haecab
670 4197 767 4276 aliquo
814 4199 921 4278 vulgo,
933 4199 999 4261 itera
1014 4201 1086 4262 den.
1126 4202 1190 4263 Noe
1208 4213 1307 4260 eutem

1228 4281 1305 4361 Reg.
