2817 4859
402 358 555 419 uranu
584 358 836 423 quantus.
944 432 948 441 ,
1088 381 1143 447 ²77

128 566 133 575 .
163 514 230 581 Odi
244 514 428 583 homiuem:
451 516 549 583 iratur
561 540 694 605 pugno:
718 542 777 585 nec
791 518 917 607 longius
931 519 1100 608 quicquam

163 600 271 667 Nobis
280 624 378 688 quam
391 601 511 665 dertrae
521 603 665 690 gladium
679 604 757 669 dum
772 604 996 671 adcommodet
1009 606 1098 675 alter.

164 686 174 725 ¹
188 686 294 773 Usque
305 686 388 753 adeo
402 687 501 751 studio
513 701 609 775 atque
623 688 697 753 odio
712 688 794 753 illius
808 690 919 755 efferor
932 691 987 756 ira.
1168 706 1171 713 '

169 814 298 889 XXlle
324 829 351 863 ¹²¹
364 818 415 889 Ar
433 816 508 891 fine
524 818 590 892 hac
607 818 814 916 gladiatoria
830 822 1022 914 iracundia,
1039 826 1140 901 vide-

2 931 3 1006 j
121 933 203 987 mus
221 913 508 1013 progredientem
531 920 628 1016 apud
649 919 850 993 Homerum
869 920 1013 1015 Ajacem
1029 926 1141 999 multa

2 1014 3 1098 l
122 1012 409 1105 cum-hilaritate,
427 1038 511 1088 cunr
535 1018 798 1114 depugnatums
821 1019 908 1091 esl'et
931 1042 1014 1093 cunr
1039 1022 1142 1095 Hec-

2 1131 3 1138 ’
120 1128 196 1183 rore
213 1139 224 1185 ε
250 1114 362 1207 cnjus,
380 1132 421 1185 ut
435 1138 532 1186 arma
554 1114 712 1213 sumpsit,
729 1114 893 1213 ingressio
910 1116 1070 1192 laetitiam
1086 1136 1141 1193 at·

122 1209 205 1281 tulit
236 1209 351 1300 sociis,
383 1230 553 1286 terrorem
585 1232 705 1289 auteur
740 1214 918 1287 hostibus:
956 1234 997 1289 ut
1025 1216 1141 1314 ipsum

122 1306 336 1399 Hectorem,
353 1312 656 1405 quemadmodum
672 1312 724 1383 est
741 1313 835 1410 apud
853 1312 1066 1403 Homerum,
1082 1332 1141 1389 to-

120 1422 161 1479 to
175 1406 325 1505 pectore
343 1424 551 1482 trementem
567 1410 771 1506 provocasse
787 1414 831 1483 ad
847 1436 1005 1508 pugnarn
1023 1415 1142 1511 poeni·

121 1519 223 1579 teret.
273 1508 395 1603 Atque
411 1506 447 1578 hi
470 1507 642 1580 collocuti
658 1508 750 1580 inter
775 1509 822 1598 se,
838 1510 1041 1608 priusquam
1066 1536 1140 1587 ma-

122 1626 209 1676 num
226 1604 458 1693 consererent,
475 1605 601 1679 leniter
616 1625 653 1679 et
671 1606 815 1703 quiete;
841 1606 930 1681 nihil
949 1634 992 1682 ne
1009 1607 1047 1683 in
1069 1610 1142 1709 ipsa

121 1699 270 1799 quidem
294 1728 415 1801 pugna
438 1705 607 1777 iracunde
635 1706 813 1778 rabioseve
837 1705 1010 1781 fecerunt.
1059 1708 1142 1807 Ego

121 1824 166 1872 ne
191 1802 419 1913 Torquatum
446 1803 592 1900 quidem
617 1802 732 1893 illum,
754 1802 817 1901 qui
843 1802 914 1875 hoc
940 1828 1140 1902 cognomen

120 1898 270 1989 invenit,
287 1920 416 1973 uatum
433 1901 596 1977 existimo
614 1902 721 1974 Gallo
738 1920 900 1999 torquem
927 1902 1139 1979 detraxisse:

120 2021 188 2071 nec
204 1998 424 2071 Marcellum
439 2002 534 2096 apud
552 1998 760 2073 Clastidium
781 2000 862 2073 ideo
879 2001 1007 2075 sortem
1024 2000 1140 2093 fuisse,

122 2095 208 2193 quia
230 2097 337 2169 fuerit
359 2096 475 2170 iratus.
525 2098 583 2172 De
601 2097 771 2173 Africano
795 2099 955 2195 quidem,
972 2098 1058 2197 quia
1076 2126 1142 2175 no-

119 2192 190 2268 tior
206 2196 258 2267 est
274 2194 378 2268 nobis
397 2213 541 2293 propter
562 2216 741 2269 recentem
767 2196 986 2284 memoriam,
1003 2201 1061 2271 vel
1078 2202 1140 2294 ju-

123 2318 197 2371 rare
212 2294 367 2393 possum,
384 2318 455 2367 non
472 2296 574 2367 illurn
591 2293 772 2367 iracundia
788 2313 865 2367 tum
883 2293 1143 2370 inflammatum

122 2390 251 2478 [uitta
277 2406 296 2438 ¹¹
308 2392 393 2466 cum
414 2393 452 2464 in
467 2392 542 2466 acie
559 2393 618 2467 Μ.
636 2393 819 2466 Allienum
837 2392 1024 2491 Pelignum
1040 2394 1142 2473 scuto

122 2625 285 2685 Pacideiano
303 2626 490 2703 componitur,
508 2626 607 2685 Furius
693 2622 805 2694 -Αἷας
824 2618 893 2701 ὦρτο
910 2618 1053 2706 πελώριος,
1065 2617 1142 2705 ἕρκος

121 2705 289 2768 AEseminur
307 2707 340 2763 sit
359 2706 529 2764 nominatus.
569 2708 608 2763 Et
733 2702 871 2796 Ἀχαιῶν,

120 2779 324 2862 dasmmarcst
341 2786 380 2844 uti
391 2786 490 2865 proprio
502 2786 607 2854 νιονιίνισ,
693 2784 826 2845 Mardum
848 2782 1007 2865 βλοσυροῖσι
1028 2779 1142 2868 rupted·

123 2865 243 2923 sivetu
263 2867 302 2925 est
321 2868 431 2925 Servius
451 2868 486 2923 ad
499 2866 571 2926 AEn.
586 2866 607 2927 i.
733 2882 812 2925 σοισι·
833 2861 911 2943 νέρθε
926 2863 952 2921 δὲ
965 2863 1063 2923 ινοσσὶν

127 2962 195 3018 144.
240 2946 393 3023 Utcunque
426 2947 469 3015 stt,
500 2955 608 3022 recepta
688 2944 751 3003 ''llla
761 2940 949 3024 μακροὶβιξοὶς
961 2938 1087 3023 κραδάων
1099 2940 1142 3018 dtr
1223 3012 1227 3021 ,

123 3025 256 3101 scriptura
275 3026 385 3103 prorsus
397 3027 507 3084 ridetur
526 3024 607 3083 indu·
736 3036 764 3083 λι
792 3020 881 3083 deun
895 3017 995 3103 ἔγχος.

120 3108 228 3175 οαιᾶοι
249 3108 355 3183 quippe
358 3108 428 3183 sura
439 3124 456 3164 a
470 3106 607 3163 stomacho
694 3098 748 3163 Τόν
765 3044 796 3161 di
809 3124 852 3183 ruq
863 3100 982 3183 Ἀργεῖοι
995 3098 1061 3185 μέγ’
1075 3102 1143 3184 sys-

121 3190 151 3244 σε
172 3186 353 3263 pulmonibus
374 3187 495 3245 nimium
517 3184 608 3253 distat,
734 3188 797 3243 θεον
810 3182 989 3263 εἰσορόωντες.

122 3284 173 3325 uec
194 3266 309 3325 lethalia
331 3266 396 3325 sunt
420 3267 452 3323 iu
472 3285 505 3325 ea
529 3280 608 3343 parte
695 3262 792 3345 Τρῶας
806 3264 862 3323 tte
879 3256 1026 3343 ὁμοςαὶνός
1039 3260 1143 3339 iudana

121 3346 246 3407 vtdnera.
736 3345 771 3402 &a
783 3346 851 3421 γυῖα
863 3285 977 3407 irrisor·

128 3472 132 3481 ,
161 3424 169 3463 ¹
192 3426 274 3503 Usque
291 3423 353 3485 οᾶιο
372 3424 475 3500 studio]
500 3428 610 3484 Laudat
690 3417 835 3499 ‘Enrapir'
849 3420 925 3502 αὐτῷ
937 3417 1024 3503 θυμὸς
1037 3422 1075 3483 ἐνὶ
1089 3418 1142 3495 rii·

122 3493 424 3568 SemimedAEmri.
435 3508 504 3581 646.
737 3506 820 3564 θισσι
833 3500 990 3571 πάτασσεν.

162 3594 185 3622 ⁸¹¹
209 3587 334 3663 Ateste
363 3586 411 3645 dac
432 3580 608 3665 gladiatoria]
658 3578 867 3657 Exstantll.r,'.
884 3582 1040 3659 211.seqq.

120 3665 228 3743 vulgo.
241 3686 275 3725 ac
283 3668 343 3745 stru
358 3666 417 3725 dac.
456 3667 518 3725 Noa
531 3667 610 3726 Med.
698 3671 712 3698 ¹²
734 3662 799 3721 Cum
818 3664 845 3721 in
859 3662 967 3722 amm.
981 3662 1141 3737 Allienum]

120 3744 414 3811 Petrensetveterum
426 3747 562 3805 editorum
577 3745 611 3802 fi·
658 3743 702 3801 Ut
728 3743 830 3819 priores
858 3742 922 3811 illae,
949 3761 1018 3819 quaa
1049 3742 1143 3819 tetigit

104 3827 196 3892 ἆσαι.
205 3825 290 3885 secuti
310 3826 413 3893 samue,
428 3826 456 3883 id
475 3827 549 3902 quod
570 3844 611 3890 ree
659 3822 897 3889 Noster,historiae
910 3820 1142 3890 suntnotislimae3

117 3904 183 3985 ipsa
202 3906 334 3984 postulat.
374 3908 428 3965 Sed
442 3907 493 3963 hoc
506 3906 610 3965 levicu-
659 3903 700 3962 ita
727 3900 839 3978 hujusce
865 3901 932 3967 saell
958 3900 1036 3961 nulla
1063 3902 1144 3961 restat

122 3985 199 4057 lum„
226 3986 328 4069 versae
348 3998 442 4045 autem
455 3985 610 4052 Homerici,
658 3983 734 4059 apud
753 3982 820 4041 alios
839 3976 982 4058 scriptores
1002 3984 1145 4043 memoria.

124 4066 236 4141 quatio
246 4068 344 4128 auimo
352 4066 453 4125 Noster
463 4066 570 4134 habuit,
580 4066 610 4122 lri
658 4062 813 4139 Vulgarum
854 4070 947 4122 tamen
985 4060 1144 4150 lectionem,

103 4200 108 4205 Α
122 4142 205 4210 suut:
346 4192 349 4198 .
659 4163 724 4218 quae
738 4142 781 4199 M.
791 4141 937 4201 llalienurn
951 4141 1071 4221 prefert,
1082 4162 1146 4199 mu·

680 4240 700 4280 τ
714 4238 732 4297 3
1078 4232 1146 4294 tare,
