2817 4859
259 317 322 392 ,146
463 315 657 378 tuscul.
682 309 1075 378 DISPUTATIOMUM

260 472 478 576 lympiorum
508 473 662 552 vidloria
686 476 887 551 consulatus
914 474 975 548 ille
995 469 1164 570 antiquus'
1189 468 1301 544 ride'o

262 594 320 648 tur
338 577 350 648 l
387 574 624 661 Gladiatores,
642 594 703 649 aut
728 575 858 674 perditi
884 572 1046 648 homines
1061 589 1123 646 aut
1139 571 1299 661 barbari,

262 699 350 770 quas
366 677 486 784 plagas
503 675 715 772 perferunt?
742 701 817 774 quo
839 677 949 748 modo
965 669 1031 762 illi,
1047 670 1111 768 qui
1127 671 1219 744 bene
1230 669 1302 781 ‘in-

263 773 376 846 stituti
403 775 495 860 sunt,
513 774 673 871 accipere
694 777 837 874 plagam
852 775 1003 860 malunt,
1019 795 1128 867 quam
1144 787 1304 867 turpiter

262 871 406 945 vitare?
433 897 541 970 quam
570 873 660 970 saepe
684 891 829 972 apparet
855 871 944 944 nihil
969 895 1029 944 eos
1048 871 1167 955 malle,
1184 892 1303 966 quam

262 973 322 1042 -vel
345 973 497 1044 domino
521 971 716 1046 satisfacere
743 973 799 1044 rel
824 971 989 1070 populo?
1016 967 1166 1042 mittunt
1187 965 1304 1059 etiam

265 1069 473 1142 vulneribus
498 1069 657 1144 confecti
682 1074 727 1144 ad
745 1071 922 1156 dominos,
939 1066 1001 1166 qui
1020 1084 1181 1165 quaerant
1207 1065 1305 1162 quid

266 1169 403 1242 velint:
431 1169 485 1242 rfi
504 1167 584 1244 satis
608 1169 663 1242 his
680 1171 819 1245 factum
834 1169 891 1258 tit,
909 1167 942 1240 se
959 1169 1051 1239 velle
1068 1167 1302 1240 decumbere.

270 1267 362 1342 Quis
395 1267 584 1343 mediocris
618 1270 792 1366 gladiator
825 1264 1013 1366 ingemuit,
1043 1265 1124 1361 quis
1155 1264 1305 1338 vultum

269 1365 422 1446 mutavit
450 1369 637 1464 unquam?
677 1366 758 1465 quis
788 1393 861 1442 non
887 1365 996 1438 modo
1025 1361 1142 1449 stetit3
1174 1387 1305 1436 verum

262 1466 378 1539 etiam
408 1465 582 1539 decubuit
614 1468 792 1564 turpiter?
832 1463 912 1562 quis
945 1487 1030 1537 curn
1059 1460 1305 1550 decubuiffet,

264 1565 405 1638 'ferrum
422 1564 576 1664 recipere
596 1567 710 1662 jufl'us
735 1566 869 1638 collum
893 1559 1098 1636 contraxit?
1139 1561 1306 1634 Tantum

271 1661 492 1755 exercitatio,
512 1663 710 1756 meditatio,
728 1663 946 1739 consuetudo
964 1661 1068 1734 valet.
1093 1702 1095 1711 ·
1114 1661 1213 1758 Ergo
1231 1659 1304 1759 hoc¹

272 1781 403 1860 potent

316 1925 329 1966 ‘¹
342 1911 478 1994 Samnis,
491 1913 620 2002 spurcus
634 1913 745 1992 homo,
760 1911 825 1977 vita
838 1909 892 1978 illa
906 1911 1023 2000 dignus
1036 1909 1196 2000 locoque?

274 2041 330 2116 vir
353 2059 454 2116 natus
470 2046 515 2116 ad
533 2044 696 2148 gloriam,
712 2046 823 2118 ullam
842 2062 980 2142 partem
995 2043 1104 2117 animi
1121 2061 1194 2117 tam
1212 2046 1307 2117 mol-

275 2145 345 2215 lem
365 2142 522 2231 habebit,
540 2168 649 2241 quam
666 2169 739 2216 non
757 2143 986 2217 meditatione
1013 2159 1049 2216 et
1066 2142 1199 2216 ratione
1225 2167 1307 2215 cor·

277 2241 449 2314 roboret?
493 2239 647 2316 Crudele
665 2241 902 2340 gladiatorum
920 2243 1164 2340 spedlaculum
1189 2260 1226 2315 et
1251 2243 1308 2314 in-

268 2341 477 2416 ·humanum
493 2339 674 2416 nonnullis
692 2341 805 2416 videri
818 2343 944 2416 lolet:
972 2361 1008 2416 et
1024 2339 1145 2416 ‘haud
1167 2339 1243 2414 scio
1265 2365 1310 2414 an

271 2563 276 2575 ι
322 2595 336 2634 Ρ
351 2585 381 2645 si
382 2585 498 2663 satiabis
503 2587 611 2662 sae‘lrtrrr
612 2584 667 2660 ſse]
684 2587 774 2646 lladr.
818 2603 915 2665 parare
928 2598 956 2645 et
967 2587 1091 2664 spurcum
1100 2613 1110 2658 3
1132 2607 1199 2644 narn
1218 2585 1312 2664 lapsus

280 2668 406 2726 Turnebi
415 2667 512 2734 codex,
511 2669 541 2742 fi
540 2666 609 2744 sutis
624 2666 775 2741 bisfactum
823 2669 859 2726 cll
876 2668 1037 2726 Vitlorinut
1051 2668 1147 2744 quide
1162 2682 1214 2726 rat.
1224 2669 1313 2726 Metr.

283 2749 598 2824 rronfianegantenrque
608 2749 774 2822 particulam
824 2748 877 2805 col.
897 2749 982 2824 1963.
1001 2745 1062 2822 ejus
1081 2748 1223 2808 auctorem
1244 2748 1314 2806 facit

168 2863 170 2880 .
283 2827 478 2904 repraesentant
487 2827 553 2884 Pall.
563 2826 684 2884 sentent.
698 2828 774 2885 Cum
824 2827 962 2896 Ennium.

284 2910 318 2968 iis
332 2909 400 2966 facit
415 2908 458 2964 vir
476 2905 644 2965 dottirlimus
662 2909 775 2966 Adverl'.
863 2917 873 2944 ’
895 2905 980 2970 Haud
987 2906 1043 2983 scio
1058 2929 1094 2967 an
1108 2908 1207 2986 itafit]
1228 2908 1316 2967 Pleri-

286 2993 325 3046 iv.
343 2989 387 3046 18.
402 3000 428 3046 et
443 2989 537 3046 eodem
553 2989 628 3046 lenl'u
640 2987 678 3048 D.
691 2991 778 3046 Lam·
825 3009 878 3065 que
892 2989 998 3046 codices
1011 2991 1122 3056 babent,
1132 3005 1157 3046 ct
1168 2990 1317 3067 adbucsa'r

285 3071 368 3126 binus
389 3067 589 3126 rescribendum
613 3067 729 3145 conjicit
750 3068 778 3126 m'
824 3091 860 3126 an
873 3071 912 3126 ita
922 3071 962 3146 stt
973 3095 982 3138 5
1003 3079 1033 3128 at
1047 3071 1103 3148 ipse
1116 3069 1208 3128 sensus
1219 3069 1316 3148 postu·

276 3148 443 3227 satisfatione
448 3151 498 3225 fit.
530 3153 571 3206 At
584 3149 700 3207 omnino
713 3149 779 3206 sana
826 3151 877 3216 lat,
892 3161 921 3206 ut
939 3149 980 3207 vel
998 3165 1105 3228 recepta
1125 3150 1209 3210 lectio
1228 3148 1316 3208 serve·

286 3225 490 3303 ellledliojam
505 3239 622 3305 recepta,
637 3249 703 3286 nant
717 3231 778 3286 vult
827 3243 892 3297 tur;
919 3231 962 3288 rel
985 3230 1157 3299 rescribatur,
1179 3245 1206 3290 ct
1225 3233 1318 3299 adbuc

287 3308 401 3368 Tullius
425 3307 535 3366 miseros
564 3308 624 3366 illue
651 3310 780 3368 homines
827 3310 917 3367 net‘cio
930 3331 965 3367 aa
976 3312 1014 3371 ita
1017 3313 1069 3390 stt,
1079 3313 1318 3388 quemadmodum

288 3409 345 3448 non
384 3397 448 3447 ante
479 3387 612 3465 jugulum
650 3391 780 3466 praebere,
827 3391 896 3448 dant
910 3391 966 3448 Pal.
979 3402 1071 3470 quart.
1081 3393 1158 3449 Med.
1168 3392 1320 3462 mittola

289 3469 554 3547 quarnaDominis
570 3489 660 3546 operae
680 3469 779 3546 goari-
825 3469 931 3536 Ellens.
946 3470 998 3532 sec.
1032 3472 1112 3532 Prius
1123 3486 1219 3530 tamen
1233 3473 1319 3542 malo.

288 3563 332 3610 ter
341 3550 423 3608 editae
433 3560 572 3627 reportent
580 3549 780 3609 testimonium.
830 3551 983 3628 Utcunque
996 3552 1038 3621 lit,
1050 3553 1151 3611 Noster
1157 3552 1321 3630 gladiatorii

286 3634 379 3692 Hunc
396 3629 503 3688 sensum
522 3631 594 3688 recle
615 3631 685 3689 vidit
704 3633 733 3708 J.
747 3632 780 3689 F.
830 3631 980 3710 spedlaeuli
1003 3633 1196 3692 crudelitatem
1220 3633 1322 3692 merito

277 3709 460 3779 ‚Gronoviua
469 3710 583 3768 Observ.
596 3711 625 3768 ii.
638 3731 665 3769 a.
677 3711 727 3788 qui
737 3725 780 3770 ta·
828 3713 955 3778 damnat,
969 3715 1044 3790 quod
1054 3725 1148 3772 tamen
1160 3716 1285 3791 apertius
1294 3721 1322 3770 et

279 3813 358 3852 men
372 3791 493 3870 primam
514 3811 619 3858 vocem,
633 3811 721 3867 quarn
739 3811 782 3850 re·
829 3793 1020 3852 vehementius
1033 3794 1101 3852 facit
1119 3795 1234 3863 Seneca,
1249 3796 1324 3871 Epp.

293 3873 385 3932 tinent
399 3871 483 3932 MSS.
498 3871 570 3928 male
584 3872 749 3948 repudiavit.
832 3886 859 3949 7.
876 3891 896 3949 9
898 3887 926 3951 5.
966 3875 1040 3932 Vide
1061 3886 1089 3933 et
1114 3873 1321 3942 Philostratum‚

333 3953 587 4030 tSamrris.spurcus
600 3951 684 4026 bomo]
696 3952 783 4012 Luci·
830 3953 882 4010 vit.
897 3955 992 4032 Apoll.
1007 3955 1058 4014 lib.
1075 3957 1113 4014 iv.
1134 3974 1205 4031 cap.
1218 3974 1266 4012 22.
1290 3973 1322 4010 ac

294 4030 327 4088 lii
340 4031 431 4090 versus
450 4031 516 4090 este
536 4033 608 4090 libro
628 4031 782 4092 Satirarum
830 4031 1023 4102 Lattanrrum,
1044 4035 1111 4103 Div.
1127 4035 1199 4092 lull.
1215 4035 1267 4093 lib.
1284 4035 1321 4090 vi.
1396 4036 1397 4041 ’

294 4123 403 4188 quarto.
443 4111 515 4170 Vide
529 4113 657 4174 Nouium
672 4113 701 4170 iu
716 4133 784 4172 corn·
829 4133 857 4173 c.
873 4132 921 4175 20.
961 4115 1042 4175 Licet
1059 4125 1154 4184 autem
1174 4116 1323 4174 bominum

1209 4195 1325 4274 jugula·
