2817 4859
277 390 335 484 264
482 373 676 464 Tuscus.
701 390 1087 465 nrsrurmronunr

276 580 399 654 ratam,
426 578 462 637 et
477 544 705 637 immonem:
737 564 903 663 quosdam
928 577 1047 639 susem
1074 562 1305 639 humanitatis

275 688 420 762 quoque
448 662 583 736 habent
608 662 758 760 primam
785 662 952 761 speciem,
979 682 1020 737 ur
1050 661 1301 754 misericordia,

276 762 466 861 aegritudo,
494 778 621 835 metus.
673 762 940 861 AEgrosstiones
967 778 1086 836 sutem
1113 764 1303 861 morbique

274 863 477 934 animomm
512 858 694 933 difficilius
724 860 829 935 evelli
862 862 959 959 posse
992 878 1161 960 putentur
1190 868 1308 959 qudm'

277 962 416 1035 summa
445 960 505 1035 ills
534 958 634 1049 vitia,
660 978 744 1056 quse
772 960 965 1033 virtutibus
993 961 1074 1033 sunt
1102 961 1304 1037 contrarias

277 1059 412 1135 morbis
441 1060 539 1132 enirn
567 1058 803 1149 monentibus,
828 1056 938 1131 lvitiu
964 1060 1101 1133 sublata
1127 1060 1196 1133 esse
1220 1062 1304 1157 pos-

277 1160 371 1249 sunt,
394 1158 480 1255 quia
507 1175 681 1230 nontam
707 1156 868 1231 celeriter
896 1158 1071 1247 sanentur,
1098 1184 1207 1269 quarn
1241 1160 1303 1237 ills

277 1260 465 1331 tolluntur.
500 1257 624 1329 Habes
639 1282 692 1343 ea,
711 1280 792 1353 quse
810 1258 855 1329 de
871 1258 1194 1353 perturbationibus
1212 1282 1302 1331 enu-

276 1358 389 1429 creste
422 1356 602 1454 disputant
636 1355 773 1428 Stoicis
815 1378 898 1452 quae
938 1356 1076 1453 Logica
1109 1358 1302 1453 appeliant,

275 1456 361 1554 quia
386 1453 602 1527 disseruntur
629 1453 819 1527 subtilius:
855 1466 937 1526 ”ex
969 1454 1099 1552 quibus
1130 1457 1303 1551 quoniam

275 1574 446 1651 tanquam
475 1578 521 1625 ex
553 1552 722 1650 scruposrs
761 1552 902 1626 cotibus
941 1552 1143 1653 enavigavit
1174 1556 1303 1645 oratio,

276 1653 426 1751 reliquae
452 1650 697 1749 disputationis
714 1650 855 1725 cursum
873 1669 1067 1738 teneamus,
1085 1654 1194 1724 modo
1222 1654 1303 1729 setis

275 1752 339 1826 ills
362 1749 520 1824 dilucide
543 1748 738 1823 dixerimus
761 1774 827 1847 pro
844 1772 964 1825 rerum
977 1746 1202 1825 obscuritate.
1253 1752 1301 1827 A.

277 1852 421 1927 Prorsus
438 1848 543 1924 setis:
571 1849 673 1921 sedfi
696 1872 780 1946 quae
796 1847 1001 1947 diligentius
1018 1866 1123 1922 erunt
1148 1850 1301 1947 cognos-

276 1954 403 2036 cenda,
420 1944 619 2046 quaerenius
644 1948 750 2021 alias:
776 1971 872 2021 nunc
888 1948 979 2035 vela,
1002 1972 1085 2047 quoe
1108 1951 1221 2023 modo
1246 1950 1304 2027 di·

277 2052 393 2137 cebas,
410 2047 656 2145 exspedtamus
671 2065 708 2119 et
724 2047 878 2121 cursum.

325 2148 409 2220 XV.
435 2145 495 2218 M.
523 2160 541 2191 ¹¹
556 2146 713 2219 Quando
730 2162 766 2219 et
788 2144 865 2220 aliis
891 2145 980 2219 locis
1001 2158 1017 2193 ⁰
1036 2147 1082 2220 de
1102 2144 1247 2223 Virtute
1264 2164 1303 2223 et

160 2428 164 2437 .
186 2411 190 2418 s
274 2383 326 2442 Sed
344 2382 400 2441 loci
413 2381 604 2459 memetipsa
624 2372 763 2440 construess
812 2402 867 2459 que
876 2382 931 2439 dici
943 2380 1192 2441 notstScholiastes
1204 2382 1239 2440 ad
1250 2384 1304 2461 Ju‚

274 2466 316 2523 tio
336 2461 481 2544 διόρθωσιν
501 2462 691 2524 bentleiaoam
711 2462 763 2519 fla·
811 2462 916 2519 venalis
926 2462 983 2523 Set.
997 2462 1046 2519 vii.
1059 2480 1128 2538 344.
1152 2464 1303 2541 Virgilius,

274 2547 379 2623 gisem.
810 2543 913 2619 Gorg.
928 2543 966 2603 iv.
982 2560 1051 2615 203.

316 2624 325 2663 ¹
351 2624 427 2701 Vitia
442 2622 556 2699 sublate
577 2621 622 2701 effe
644 2618 760 2701 peffitnt]
850 2621 1056 2680 ——Errauds
1070 2622 1099 2679 in
1118 2622 1227 2681 cotibus
1241 2624 1303 2684 alas

274 2705 322 2761 Sic
335 2700 535 2760 rescribendum
549 2699 665 2777 conjecit
676 2703 762 2757 Lam·
850 2702 992 2761 Attrivere.
1306 2768 1310 2776 Α

273 2784 366 2848 binus,
380 2780 492 2859 ejusque
510 2780 698 2857 conjesluram
719 2800 764 2839 ra·
812 2782 985 2849 Prudentius,
999 2782 1106 2859 Apoth.
1118 2782 1155 2840 vs.
1171 2802 1243 2861 429.

275 2874 334 2920 tam
359 2862 427 2921 facit
445 2862 545 2922 Eliens,
565 2862 616 2919 sec.
656 2860 764 2939 Vulgo,
815 2861 995 2941 Coerenses&
1017 2864 1211 2941 cote—Ipsam
1237 2886 1306 2924 vem

274 2945 345 3020 vitia
360 2942 470 3021 sublata
498 2944 544 3022 effe
570 2962 626 2999 nors
656 2942 763 3021 pefftnt.
812 2942 941 3019 loquendi
955 2942 1090 3001 rationem
1105 2944 1204 3021 saepius
1220 2947 1305 3005 adhi-

274 3025 374 3100 lnepte
400 3025 519 3102 prorsus,
541 3024 607 3081 licet
635 3022 674 3081 ite
697 3024 764 3081 dent
811 3024 858 3080 bet
868 3024 1067 3099 Hieronymus.
1093 3025 1138 3083 Sic
1151 3024 1307 3089 adHelio·

275 3104 360 3163 MSS.
370 3116 470 3181 praeter
478 3122 568 3161 unum
582 3104 674 3167 illum,
684 3102 764 3179 cujus
810 3102 920 3171 dorum,
935 3104 1021 3181 Epist.
1040 3104 1059 3162 i.
1078 3124 1108 3181 p.
1121 3123 1151 3178 4
1170 3106 1216 3165 ed.
1233 3108 1304 3165 Vic-

276 3184 468 3251 meminimus,
486 3185 612 3242 univerfi.
646 3184 764 3241 Namfi
812 3192 864 3243 lor.
904 3184 1035 3257 Quoniam
1057 3204 1070 3241 e
1082 3184 1219 3263 scopultfis
1244 3187 1306 3245 Iocis

273 3263 355 3323 morbi
367 3284 416 3321 esen
429 3274 483 3322 tam
502 3264 613 3321 celeriter
621 3264 764 3340 frenantur,
812 3280 1005 3321 serviosvss
1024 3265 1111 3330 narb,
1124 3278 1150 3321 et
1167 3266 1238 3323 inter
1258 3288 1306 3325 ca.-

274 3364 353 3423 qteam
375 3342 444 3403 vitia
468 3344 608 3413 tolloneum
641 3342 700 3419 ipsa
722 3362 763 3401 res
812 3344 975 3424 nasspumtis
985 3343 1113 3416 flrsiilus
1126 3356 1221 3405 cautes
1233 3346 1306 3421 sra-

275 3426 390 3491 indicat,
404 3426 507 3482 morbis
520 3424 708 3491 manentibus,
720 3424 764 3481 vi·
807 3423 871 3501 gilir
899 3424 926 3481 ies
950 3424 1033 3481 aloem
1065 3424 1154 3501 cymba
1174 3426 1307 3503 proceffin

275 3506 317 3563 tis
331 3504 437 3563 sublata
449 3506 500 3563 esse
512 3506 594 3582 posse.
812 3504 927 3563 Advers.
941 3505 1116 3574 Helvidium,
1129 3524 1192 3583 cap.
1209 3506 1253 3567 ix.
1275 3528 1307 3587 p.

314 3594 337 3625 ‘¹¹
353 3585 764 3665 Esquiliasqueniamtanqream
811 3597 881 3662 315.
913 3586 1045 3659 Quiritem
1057 3584 1117 3658 jam
1135 3604 1149 3641 e
1169 3588 1308 3653 mutibus

274 3684 307 3724 ex
316 3665 439 3744 scrupoſsr
451 3664 547 3724 cetibus
566 3667 722 3743 enavigavit
735 3686 762 3722 o·
811 3674 838 3721 et
858 3664 1024 3741 confragosis
1045 3665 1112 3722 locis
1139 3666 1309 3744 enavigavit

273 3747 353 3821 ratio]
375 3746 479 3823 Vulgo,
490 3766 505 3803 e
507 3746 669 3825 smpulnsr.
689 3746 761 3821 Reg.
810 3745 899 3802 oratio.
940 3745 977 3803 Et
995 3747 1023 3803 in
1045 3744 1195 3813 Rufinum,
1214 3746 1272 3809 lib.
1287 3750 1307 3806 i.

230 3825 232 3829 ’
275 3826 479 3906 olmielos·
511 3828 580 3903 hs·
594 3826 762 3903 asompoſss
811 3824 932 3901 ces-vii·
949 3842 1104 3903 sas-sss
1122 3826 1262 3899 emm
1276 3829 1311 3887 de

274 3916 309 3963 ut
322 3908 478 3965 Lambinus
491 3916 519 3964 et
531 3906 671 3965 Bentleius
682 3906 761 3963 volu·
809 3906 960 3982 cosfiogqfis
978 3920 1003 3963 et
1022 3906 1112 3985 werris
1131 3906 1189 3965 loeis
1203 3912 1308 3969 enavi-

273 3997 367 4046 eruot.
396 3990 454 4047 Adi
473 3990 506 4044 sss
526 3986 595 4046 Nic.
614 3986 762 4043 Heinfium
809 3985 887 4062 gavit
900 3986 988 4043 orario.

275 4066 310 4122 ad
337 4067 443 4125 Valerii
473 4068 564 4128 Flacci
590 4069 698 4143 Argon.
728 4066 760 4125 ii.
850 4074 864 4101 ¹¹
885 4065 999 4139 Quando
1017 4075 1045 4123 et
1065 4064 1125 4125 asiis
1144 4066 1220 4142 loeis]
1260 4068 1308 4127 lta

275 4144 345 4225 518.
377 4146 536 4207 Portoceres
549 4156 599 4207 aut
616 4159 702 4206 centes
722 4166 761 4207 se·
810 4146 923 4223 quidem
956 4147 1070 4217 mdiees,
1108 4156 1167 4205 tam
1213 4148 1308 4210 MSS.

1211 4248 1306 4307 quam
