2817 4859
318 443 323 450 .
396 385 551 448 LIBER
582 383 835 451 QUINTUS.
1071 407 1135 482 3²9

99 545 245 624 Stoicus
261 543 362 620 Zeno
378 543 526 638 diceret,
542 543 619 644 qui,
639 545 705 620 nisi
723 550 824 718 ffiod
840 561 943 648 turpe
960 547 1060 642 effes,
1076 551 1132 624 ni-

86 647 309 732 ⁴hilmalum
326 641 485 720 duceret.
535 647 598 718 Tu
614 671 713 735 vero,
779 649 954 739 etrodore,
972 650 1035 746 qui
1052 676 1133 724 om·-

100 771 148 822 ne
174 750 315 820 bonum
345 744 384 818 in
414 743 610 820 visceribus
636 745 872 842 medullisque
900 748 1131 838 condideris;

100 865 144 919 et-
154 841 350 932 definieris,
368 843 549 918 summum
564 844 702 918 bonum
720 843 825 917 firma
849 845 1007 944 corporis
1023 849 1132 923 affec-

101 945 201 1018 tione
227 944 507 1041 ‘explomtaque
534 943 595 1040 spe
621 941 812 1031 contineri,
837 943 990 1020 fortunae
1016 948 1134 1022 aditus

101 1041 358 1118 interclufisti?
385 1042 613 1138 quomodo?
639 1039 729 1114 ⁸isto
747 1041 844 1116 enim
860 1045 958 1116 bono
977 1046 1052 1140 jam
1070 1073 1134 1120 ex-

102 1142 247 1242 spoliari
275 1159 390 1239 potes.
440 1141 555 1238 Atqui
582 1137 640 1212 his
666 1139 857 1238 capiuntur
889 1141 1067 1240 imperiti3
1097 1163 1136 1219 et

101 1260 252 1341 propter
267 1238 470 1338 hujusmodi
486 1237 687 1330 sententias,
705 1239 853 1314 istorum
870 1240 1059 1317 hominum
1083 1245 1136 1320 est

102 1340 317 1416 multitudo.

151 1440 207 1513 X.
232 1440 353 1513 Acute
375 1456 497 1514 autem
521 1436 732 1535 disputantis
758 1438 848 1511 illud
867 1438 930 1528 est,
947 1465 1021 1514 non
1047 1440 1137 1539 quid

103 1538 258 1638 quisque
283 1539 392 1622 dicat,
420 1539 479 1612 led
508 1537 598 1633 quid
621 1537 754 1634 cuique
781 1537 976 1611 dicendum
1000 1539 1057 1630 fit,
1081 1541 1137 1614 vi·
1183 1535 1208 1593 '-

104 1641 201 1714 dere.
252 1637 364 1710 Velut
387 1638 424 1710 in
449 1661 491 1710 ea
510 1636 584 1734 ipsa
599 1636 782 1720 sententia,
799 1661 908 1734 quam
923 1636 963 1710 in
981 1637 1046 1711 hac
1065 1641 1136 1714 dis-

103 1736 291 1837 putatione
317 1734 545 1834 suscepimus,
562 1760 686 1810 omnes
712 1736 826 1808 bonos
852 1735 988 1832 semper
1014 1738 1135 1814 beatos

107 1838 275 1912 volumus
293 1835 375 1909 effe.
419 1833 520 1908 Quid
537 1833 656 1907 dicam
672 1837 799 1922 bonos,
817 1833 1044 1932 perspicuum
1061 1839 1135 1912 est:

107 1936 277 2010 omnibus
296 1935 394 2008 enim
408 1931 601 2007 virtutibus
619 1933 812 2006 instrudios
829 1951 865 2005 et
881 1951 1034 2024 ornatos,
1053 1961 1139 2012 curn

107 2034 282 2133 sapientes
298 2050 378 2106 tum
393 2031 488 2107 viros
504 2033 619 2106 bonos
636 2029 801 2105 dicimus.
852 2031 1056 2123 Videamus,
1075 2035 1140 2134 qui

107 2132 257 2208 dicendi
273 2133 342 2206 fint
359 2131 466 2207 beati.
517 2131 697 2228 Equidem
714 2131 779 2204 hos
796 2128 973 2222 existimo,
990 2133 1052 2230 qui
1070 2135 1141 2212 sust

108 2232 147 2306 in
163 2233 283 2323 bonis,
298 2233 398 2304 nullo
415 2230 586 2327 adjunclo
603 2231 720 2304 malo:
747 2255 864 2327 neque
881 2231 955 2303 ulla
970 2231 1038 2304 alia
1054 2233 1139 2308 huic

109 2335 238 2422 verbo,
265 2356 351 2405 cum
380 2331 527 2403 beatum
556 2327 724 2416 dicimus,
752 2327 911 2424 subjedla
941 2331 1041 2404 notio
1076 2333 1139 2422 est,

109 2431 179 2506 nifi
219 2431 361 2504 secretis
401 2430 503 2502 malis
535 2425 715 2518 omnibus,
749 2428 929 2500 cumulata
963 2429 1140 2505 bonorum

111 2529 332 2629 complexio.
373 2528 482 2601 Hanc
498 2526 631 2623 alsequi
648 2526 774 2616 virtus,
791 2525 817 2598 fi
836 2527 1030 2623 quicquam
1046 2553 1141 2626 prae-

111 2647 165 2704 ter
190 2629 305 2728 ipsam
329 2628 418 2700 boni
440 2626 504 2716 est,
521 2651 593 2699 non
619 2627 759 2723 potest:
787 2623 900 2698 aderit
916 2625 1011 2698 enim
1029 2629 1140 2702 malo·

111 2753 208 2818 rum,
223 2727 255 2802 ii
271 2727 365 2801 mala
388 2727 449 2799 illa
471 2725 650 2811 ducimus,
675 2725 781 2798 turba
797 2727 974 2822 quaedam,
990 2751 1144 2825 pauper⁴

111 2841 178 2919 tas,
197 2825 419 2925 ignobilitas,
436 2823 631 2909 humilitas,
646 2823 815 2912 solitudo,
831 2822 969 2897 amiffio
985 2825 1143 2914 suorum,

112 2950 237 3026 graves
261 2926 402 2999 dolores
428 2921 598 3021 corporis,
614 2922 753 3022 perdita
768 2923 949 3012 valetudo,
967 2921 1143 3016 debilitas,

113 3025 270 3116 caecitas,
297 3023 460 3097 interitus
489 3020 623 3120 patriae,
652 3019 839 3108 ‘exilium
871 3019 1016 3096 servitus
1041 3023 1145 3114 deni-

114 3151 201 3226 que.
251 3124 296 3198 In
322 3122 379 3198 his
404 3140 460 3196 tot
485 3140 521 3196 et
544 3119 664 3208 tantis,
693 3121 768 3194 uad
796 3143 879 3217 quae
907 3119 1013 3194 etiam
1040 3123 1147 3222 plum

153 3402 448 3493 ‘Explorataqoespd
468 3406 506 3466 D.
522 3406 610 3463 Lam·
656 3403 755 3482 potest.
787 3403 832 3462 Ut
850 3405 1000 3482 legendum
1020 3403 1149 3464 videatne

116 3492 201 3552 binus
215 3490 365 3567 legendum
379 3488 480 3556 censet,
492 3486 610 3564 explora·
654 3485 701 3562 isto
719 3496 747 3544 te
764 3505 797 3542 ea
810 3483 941 3558 bonejam
951 3485 1089 3564 exspoliare
1097 3501 1148 3566 po*-

117 3571 263 3652 uqueejus
267 3571 324 3648 spe
345 3571 408 3638 Sed,
417 3569 496 3627 libris
504 3567 610 3635 invitis,
656 3567 712 3641 test.

115 3671 273 3732 pronosnen
297 3649 380 3708 facile
401 3647 610 3724 subintelligen-
699 3647 709 3682 ⁸
733 3644 858 3710 Erillum,
882 3643 999 3722 servitos
1032 3643 1154 3724 denique,

117 3735 189 3794 dum
203 3753 262 3791 non
277 3729 453 3793 immiserim.
493 3729 538 3787 De
558 3730 611 3786 hoc
658 3727 691 3784 In
711 3723 750 3783 bis
768 3739 805 3784 tot
821 3738 846 3781 ee
866 3723 961 3798 tamn]
986 3726 1089 3802 Vulgo,
1102 3747 1150 3784 a·

117 3815 209 3874 effato.
222 3813 264 3871 sat
284 3813 377 3870 multa
394 3811 557 3887 collegimus
576 3808 612 3866 ad
656 3805 741 3873 ilium,
754 3805 881 3884 servitus.
916 3805 1032 3884 Dcm'quc
1057 3806 1084 3862 in
1110 3805 1150 3865 liz

119 3896 169 3955 lib.
184 3896 217 3953 ii.
231 3913 295 3970 cap,
309 3893 338 3950 6.
659 3901 695 3945 tot
708 3901 733 3944 a
746 3887 836 3944 tantu.
861 3886 978 3943 Probam
988 3883 1041 3942 loci
1051 3885 1150 3946 distin·

158 3983 171 4014 ⁸
190 3976 242 4052 Isto
254 3973 331 4030 enim
347 3971 408 4030 bono
419 3973 480 4044 jam
494 3968 612 4046 exspoli-
660 3967 783 4026 &ionem
798 3966 844 4026 cl.
859 3965 986 4024 Bentleio
1004 3963 1151 4028 refesimus

120 4055 274 4194 :ll'Bpallroll
286 4048 614 4210 quijginll’ghffffiligss
661 4058 864 4205 aclepllllmdun
876 4125 954 4184 etiam
961 4124 1042 4204 plura
1050 4127 1153 4220 poffimt

122 4213 455 4292 Ballioneamouojau
464 4209 616 4290 exspoliare
661 4205 794 4285 acadm]
831 4205 937 4284 Vulgo,
966 4220 1044 4289 aeque
1074 4223 1154 4267 etnam
1255 4204 1259 4218 '

1093 4309 1155 4370 qud
