2817 4859
300 357 361 443 176
506 355 699 420 Tuscos.
723 353 1115 441 nissonnnlonuni

294 520 360 612 est,
376 517 599 594 insanitatem
622 535 658 592 et
682 529 859 616 egrotum
880 517 1052 606 animum,
1068 538 1179 615 quiin
1201 513 1339 618 appes-

293 622 413 694 larunt
427 615 629 720 insaniam]
667 619 804 690 Omnes
816 633 936 689 autem
950 617 1234 714 perturbationes
1250 622 1339 694 ani-

294 716 359 809 nii,
372 720 516 793 morbos
526 715 730 816 philosophi
747 717 938 814 appellant,
956 735 1159 813 negantque
1176 717 1338 793 stultum

293 843 512 915 quemquam
539 815 593 888 his
618 813 751 890 morbis
768 839 918 888 vacare:
944 814 1009 912 qui
1034 834 1153 908 autem
1174 815 1213 888 in
1230 843 1336 892 mor-

293 917 343 990 bo
370 917 462 1003 sunt,
490 915 562 989 sani
593 939 667 987 non
696 914 804 987 sunt:
831 930 867 986 et
893 915 1056 987 omnium
1082 914 1336 1012 infipientiuiii

292 1014 403 1088 animi
427 1016 463 1088 in
482 1015 610 1088 morbo
634 1015 740 1085 sunt:
768 1037 890 1085 omnes
914 1010 1117 1111 insipientes
1141 1011 1256 1112 igitur
1271 1017 1334 1089 in-

292 1114 433 1187 saniunt
450 1143 460 1186 :
479 1111 661 1186 sanitatem
678 1108 775 1184 enini
790 1111 992 1184 animorum
1006 1112 1158 1209 positam
1173 1114 1211 1186 in
1230 1131 1335 1188 trau-

293 1212 469 1310 quillitete
487 1213 642 1311 quadem
666 1210 935 1307 constantiaque
951 1211 1164 1285 censebant:
1190 1213 1250 1286 his
1274 1237 1332 1287 re-

292 1313 361 1384 bus
377 1328 535 1384 mentem
552 1333 716 1400 vacuam,
736 1321 755 1358 ²
765 1310 989 1407 appellarunt
1004 1309 1187 1384 insanam:
1212 1334 1330 1411 prop·

291 1425 389 1482 terea
411 1413 512 1506 quod
536 1410 573 1482 in
597 1409 804 1508 perturbato
828 1406 1070 1495 enimo,s1cut
1094 1409 1327 1510 incorpore,

290 1506 418 1582 sanitas
434 1509 503 1581 effe
519 1533 593 1582 non
610 1507 728 1608 possit.

339 1607 385 1680 V.
412 1609 493 1680 Nec
509 1608 626 1680 minus
650 1606 741 1678 illud
765 1623 882 1690 acute,
899 1606 999 1702 quod
1019 1605 1129 1680 animi
1154 1605 1327 1680 affectio-

257 1703 265 1717 '
290 1729 387 1796 neni,
404 1707 540 1779 lumine
557 1704 685 1780 mentis
701 1721 894 1790 carentem,
911 1703 1187 1778 nominaverunt
1198 1730 1325 1779 amen-

290 1804 378 1878 tiam
407 1808 627 1902 eandemque
654 1804 882 1877 dementiam.
932 1803 993 1876 Ex
1015 1828 1090 1915 quo
1116 1803 1325 1902 intelligen-

289 1905 379 1977 dum
404 1905 467 1990 est,
490 1919 589 1990 teos,
612 1901 676 2002 qui
701 1901 781 1975 haec
807 1903 910 1977 rebus
938 1924 1085 1976 nomina
1111 1903 1325 2000 posuerunt,

288 2001 428 2074 sensisse
454 2002 525 2074 hoc
551 2001 660 2090 idem,
680 2003 781 2098 quod
806 2026 828 2074 a
852 2003 998 2074 Socrate
1022 2019 1212 2098 acceptum
1238 2002 1324 2075 disi-

289 2115 414 2198 genter
446 2099 559 2173 Stoici
590 2101 820 2189 retinuerunt,
851 2101 988 2173 Omnes
1016 2101 1219 2197 insipientes
1251 2102 1325 2174 effe

288 2223 363 2272 nnn
385 2197 497 2272 sanos.
548 2197 624 2272 Qui
650 2197 701 2272 est
724 2197 821 2271 enim
846 2199 982 2272 animus
998 2198 1037 2270 iu
1052 2200 1174 2296 aliquo
1190 2201 1323 2273 morbo

289 2297 451 2390 (morbos
483 2313 602 2371 autern
631 2296 696 2371 hos
723 2299 948 2395 perturbatos
977 2310 1109 2388 motus,
1133 2314 1176 2370 ut
1208 2300 1324 2370 modo

287 2395 378 2486 dixi,
408 2397 609 2495 philosophi
642 2398 837 2494 appellant)
872 2421 944 2469 non
977 2397 1090 2494 magis
1123 2399 1175 2469 est
1203 2395 1323 2483 sanus,

288 2520 398 2592 quain
415 2497 453 2568 id
465 2491 598 2592 'corpus
622 2496 720 2592 quod
739 2494 776 2567 in
800 2497 926 2568 morbo
951 2495 1017 2568 est.
1068 2495 1123 2567 Ita
1145 2494 1191 2567 sit
1206 2513 1250 2567 ut
1268 2496 1320 2570 sa·

286 2593 421 2702 pientia
446 2593 571 2666 sanitas
596 2593 641 2664 sit
667 2593 789 2682 animi,
813 2592 1036 2691 ²infipientia
1061 2610 1193 2684 autem,
1218 2593 1320 2692 quafi

286 2689 450 2763 insanitas
476 2693 654 2789 quaedain,
684 2716 766 2790 quae
794 2691 847 2765 est
870 2691 1003 2766 insania
1031 2693 1227 2790 eademque
1255 2695 1319 2767 de·

324 2912 339 2942 κ
360 2904 530 2986 Appenninis
544 2883 684 2976 isonam]
701 2901 777 2960 vsi-
863 2903 973 2960 ..um
985 2902 1020 2978 est
1031 2902 1093 2962 misi
1110 2916 1207 2981 impu
1225 2905 1320 2962 m

283 2983 776 3124 shssstshtoethh‘sh·
864 2983 1086 3120 signam
1107 2984 1181 3042 ’Μ’
1196 2998 1317 3076 'ms'

426 3089 434 3124 ι
767 3103 775 3120 ,
945 3095 987 3108 -

283 3145 419 3214 Tumebi,
439 3165 524 3222 qnam
551 3141 692 3222 proposuit
712 3143 775 3200 Ad·
823 3142 933 3211 Cicero,
953 3145 995 3202 N.
1014 3143 1054 3201 D.
1073 3141 1123 3200 lib.
1136 3143 1157 3201 i.
1178 3163 1245 3222 cap.
1269 3161 1316 3224 17.

283 3225 351 3283 vers.
372 3225 421 3283 sib.
437 3227 466 3282 ii.
488 3244 513 3283 c.
529 3225 556 3282 6.
574 3226 671 3282 lubens
691 3223 774 3300 equi·
823 3222 893 3281 Sunt
905 3223 969 3281 otim
981 3223 1055 3282 rebus
1073 3224 1148 3280 novis
1167 3242 1239 3283 notia
1257 3227 1316 3285 Po·

282 3307 347 3363 dem
361 3305 421 3362 sum
444 3306 597 3382 amplexus.
638 3301 774 3379 Refraga-
823 3319 929 3361 narni
950 3303 1061 3362 mnino.
1100 3303 1233 3363 Porrode
1248 3306 1315 3365 stal-

281 3395 330 3444 tnr
343 3387 456 3462 quidem
468 3385 506 3444 D.
519 3384 683 3453 Lambinus,
694 3391 722 3440 et
731 3384 772 3440 in·
821 3393 914 3441 torum
942 3383 1049 3441 insania
1074 3383 1138 3442 tide
1169 3387 1314 3456 Senecam,

273 3467 381 3547 soniam
392 3466 464 3524 male
475 3475 576 3523 tuetur.
600 3465 681 3522 Certe
693 3483 773 3521 nien·
820 3464 917 3523 Benes.
943 3464 974 3522 ii.
997 3481 1047 3542 35.
1087 3465 1244 3536 Laertiiim,
1264 3468 1313 3525 vii.

175 3605 177 3610 ,
280 3557 340 3604 teni
353 3547 554 3623 tranquillitate
564 3544 773 3620 oonstantiaque
824 3561 891 3620 124.
933 3543 1098 3612 Horatium,
1120 3545 1180 3606 Sat.
1195 3547 1226 3604 ii.
1250 3547 1321 3605 Μ·

281 3645 409 3694 nouam,
423 3647 479 3684 non
497 3627 631 3704 iifitniam,
645 3625 689 3683 sed
703 3624 773 3702 insa-
821 3625 864 3682 iii.
878 3643 928 3700 43.
941 3635 992 3682 ant
1004 3625 1075 3703 Just.
1090 3625 1228 3703 Lipfium,
1244 3627 1313 3684 Ma·

280 3727 353 3778 nom,
366 3707 557 3766 nominamus.
819 3705 887 3762 itud.
898 3706 947 3763 lib.
957 3705 998 3764 iii.
1012 3703 1083 3763 Diis.
1095 3721 1143 3762 20.
1170 3706 1311 3765 litantem

319 3789 417 3856 tuos,
439 3787 485 3866 qui
505 3785 560 3844 baec
577 3785 651 3844 rebus
670 3786 772 3844 nonime
819 3784 942 3862 disputat
965 3782 1090 3844 Socrates
1115 3788 1190 3862 apud
1216 3787 1311 3845 Plato·

279 3868 443 3945 posuerunt]
463 3867 558 3926 Ursini
571 3867 640 3924 siber
652 3864 771 3944 immua-
819 3885 884 3924 nem
906 3868 936 3924 in
955 3864 1094 3925 sicinii.
1112 3885 1243 3946 pig.39.
1265 3869 1314 3927 ed.

278 3961 362 4006 nni:
384 3949 459 4024 quod
473 3948 589 4024 vulgato
603 3945 716 4022 quidem
731 3947 770 4004 est
819 3946 911 4024 Lugii.

278 4028 423 4102 usitatius„
437 4047 493 4086 non
515 4047 579 4086 vero
603 4025 714 4093 sestius,
734 4035 768 4084 ut
856 4034 872 4061 ¹
885 4025 1214 4106 sepinatis-dementia]
1231 4029 1310 4088 Lan·

279 4107 352 4163 maie
362 4109 422 4164 vult
435 4109 558 4166 eruditus
573 4108 618 4166 ille
629 4107 681 4166 vir.
704 4107 768 4164 Ho-
815 4108 865 4165 dit
877 4108 991 4168 Nonius
1004 4109 1035 4167 iii
1048 4107 1182 4185 danitas.

279 4185 375 4254 ratius,
388 4189 443 4246 Sat.
458 4190 489 4248 ii.
504 4191 599 4266 Eelog.
616 4191 654 4246 iv,
672 4205 698 4247 1.
