2817 4859
406 346 800 441 arnusrnruus.
1076 352 1115 417 st

96 508 161 619 ipse
174 506 372 605 expulerat,
390 504 426 581 in
441 506 566 605 praelio
583 506 821 583 concidisset:
845 534 921 583 non
937 534 1023 585 cum
1044 513 1117 587 La·

96 606 169 680 turis
193 608 380 679 decertans
406 624 504 703 pater
535 605 683 695 Decius,
709 632 796 679 cum
820 606 979 684 Etruscis
1005 609 1116 705 filius,

97 718 209 781 ²1²cnm
236 704 378 805 Pyrrho
395 729 518 802 nepos,
536 706 571 777 se
596 704 755 779 hostium
779 707 857 780 telis
881 707 1113 805 objecissent:

98 828 164 915 non·
182 828 253 915 uno
265 804 379 915 ‘bello
404 828 469 901 pro
484 802 606 901 'patria
629 806 809 913 cadentes,
825 805 1009 905 Scipiones
1025 808 1114 881 His-

97 901 1115 1091 nslslsiff'ttltnrlitli”ts,ittszlrltt

99 1099 289 1197 Numquis
318 1100 447 1173 horum
475 1098 579 1173 miser
606 1099 743 1175 hodie?
786 1125 833 1173 ne
859 1120 938 1174 tum
964 1102 1113 1201 quidem

98 1198 163 1295 post
176 1198 340 1297 spiritum
355 1216 579 1271 extremum:
606 1223 673 1271 nec
697 1197 794 1273 enim
815 1200 932 1297 potest
952 1200 1021 1275 effe
1045 1202 1114 1275 mi-

98 1296 351 1395 serquisquam,
369 1296 470 1371 sensu
486 1315 682 1395 perempto.
733 1299 784 1370 At
809 1298 847 1370 id
871 1298 987 1397 ipsum
1009 1299 1114 1373 odio·
1216 1344 1219 1348 ν

100 1394 162 1467 sum
175 1396 327 1485 est,s1ne
343 1396 444 1469 sensu
461 1398 542 1469 effe.
577 1396 767 1487 Odiosum,
781 1396 809 1470 fi
825 1396 863 1469 id
880 1398 965 1471 esset
983 1424 1113 1475 carere.

20 1488 21 1565 i
101 1494 177 1567 Cum
191 1520 273 1568 rero
301 1490 529 1593 perspicuum
550 1494 594 1566 fit
611 1494 703 1569 nihil
718 1495 817 1607 posse
835 1494 871 1569 in
888 1521 932 1569 eo
948 1494 1031 1583 effe,
1047 1496 1112 1595 qui
1223 1523 1225 1530 ·

20 1608 21 1611 ’
100 1589 159 1687 ipse
179 1618 245 1666 non
271 1592 346 1667 fit:
372 1592 461 1691 quid
487 1593 603 1691 potest
626 1594 695 1666 effe
718 1620 757 1667 m
782 1619 826 1667 eo
851 1594 1028 1680 odiosum,
1047 1596 1112 1694 qui

101 1714 153 1763 nec
174 1710 285 1765 careat
314 1716 380 1765 nec
407 1690 561 1765 sentiat?
615 1694 833 1790 Quanquam
860 1690 930 1765 hoc
960 1693 1110 1791 quidem

100 1787 187 1865 ninus
202 1791 319 1902 saepe:
346 1790 408 1863 sed
424 1816 467 1863 eo
483 1792 582 1887 quod
607 1790 644 1863 in
665 1793 736 1865 hoc
754 1790 845 1863 inest
868 1790 983 1864 omnis
999 1791 1109 1865 animi

102 1890 279 1963 contradito
297 1914 346 1963 ex
362 1905 462 1963 metu
477 1888 613 1963 mortis.
665 1888 739 1963 Qui
756 1888 854 1963 enim
871 1889 951 1963 satis
968 1888 1111 1981 viderit,

101 1984 131 2057 id
153 1990 241 2084 quod
267 1989 323 2063 est
347 1990 429 2063 luce
461 1989 600 2075 clarius,
628 1986 749 2061 animo
776 2006 812 2063 et
841 2014 991 2085 corpore
1021 2014 1112 2081 con-q

101 2082 220 2181 sumpto
246 2102 397 2185 totoque
423 2086 599 2159 animante
627 2088 746 2160 deleto
773 2105 808 2160 et
839 2088 939 2160 fadlo
965 2087 1112 2163 interitu

20 2224 22 2259 l
101 2182 254 2275 universo,
272 2185 364 2259 illud
388 2185 518 2258 animal
544 2189 643 2283 quod
669 2186 776 2260 fuerit
802 2186 940 2259 fastum
966 2187 1034 2259 esse
1052 2188 1109 2259 ni-

99 2278 163 2353 hil:
194 2285 221 2355 is
247 2287 350 2381 plane
380 2282 580 2381 perspiciet,
611 2284 703 2357 inter
733 2298 749 2329 ¹¹
769 2284 1109 2382 Hippocentaurum

100 2378 158 2474 qui
172 2406 346 2479 nunquam
368 2382 475 2455 fiterit
499 2400 534 2453 et
551 2407 672 2479 regem
690 2384 1000 2479 Agamemnonem
1017 2382 1110 2455 nihil

101 2476 270 2552 iuteresse:
298 2504 359 2555 nec
374 2482 486 2579 pluris
504 2504 600 2553 nunc
619 2481 733 2552 facere
751 2476 810 2551 M.
829 2478 1022 2552 Camillum
1038 2480 1108 2552 hoc

101 2572 196 2649 civile
212 2578 352 2670 bellum,
368 2605 477 2677 quam
494 2604 574 2677 ego,
591 2578 655 2651 illo
672 2576 770 2670 vivo,
789 2575 934 2651 fecerim
951 2579 1109 2652 Romam

100 2696 135 2743 ca
158 2692 232 2750 lam.

136 2698 346 2849 llxxvlss.
383 2778 458 2850 Cur
489 2775 597 2873 igitur
624 2793 659 2848 et
694 2776 865 2849 Camillus
899 2777 1047 2863 doleret,
1078 2778 1108 2848 fi

102 2869 166 2943 ltaec
188 2876 278 2971 ,post
311 2893 488 2948 trecentos
522 2892 559 2947 et
591 2874 853 2971 quinquaginta
884 2874 957 2946 fere
995 2898 1107 2947 annos

104 2989 244 3047 eventura
266 2992 407 3071 putaret
424 2976 437 3046 l
465 2992 500 3047 et
517 2998 585 3071 ego
601 2974 754 3059 doleam,
771 2973 800 3042 fi
816 2974 861 3043 ad
879 2974 1007 3051 elecem
1022 2968 1105 3043 mil-

100 3064 141 3139 lia
161 3092 323 3147 annorum
348 3092 491 3171 gentem
517 3074 671 3169 aliquam
696 3072 822 3143 urbem
839 3070 993 3142 nostram
1008 3069 1107 3169 poti·
1197 3144 1200 3152 ,
1256 3110 1264 3134 ι

129 3344 149 3374 ¹⁰
167 3338 226 3399 Cart
251 3340 349 3417 Pyrrho
371 3335 457 3417 rupes]
487 3338 566 3395 Licet
614 3346 702 3403 notras,
715 3355 772 3391 cum
787 3332 885 3409 Pyrrho
899 3327 990 3391 bellum
1004 3353 1106 3410 gerens,

98 3416 200 3496 plerique
213 3422 356 3499 scriptores
376 3430 483 3496 patrem
502 3430 566 3475 tan·
614 3418 698 3492 corrsal
709 3414 827 3491 caidffit
845 3415 872 3469 in
887 3413 987 3492 puelia,
996 3414 1107 3505 sequte

99 3506 150 3555 tum
161 3512 184 3559 et
201 3502 290 3561 filium
310 3502 337 3559 se
351 3521 402 3579 pro
415 3500 506 3577 patria
517 3500 565 3555 de·
613 3496 842 3571 cmtinentigcnere
849 3496 960 3551 tertiam
970 3497 1105 3551 vissimum
1202 3543 1204 3546 .

99 3578 180 3638 vovisse
197 3592 368 3653 memorem
391 3584 462 3657 (qua
479 3581 513 3638 de
528 3598 564 3645 re,
614 3578 685 3653 Rrip.
695 3574 853 3654 praebmffit.
893 3576 968 3643 Cum
984 3594 1017 3630 eo
1035 3574 1103 3631 facit

98 3670 183 3729 praeter
190 3662 420 3731 Historicoa,vide
431 3659 562 3718 Nostrum
612 3657 697 3715 etiam
714 3656 846 3719 Zonaras
859 3654 965 3711 Annal.
979 3654 1039 3709 viii.
1055 3666 1082 3732 5.

96 3738 224 3799 deSeuesl.
242 3764 267 3803 c.
284 3764 333 3801 xx.
369 3742 511 3809 Senecam,
525 3740 564 3797 E·
652 3745 667 3773 ¹³
700 3737 770 3792 Inter
795 3734 1024 3811 Hippocmroumm
1057 3733 1102 3809 qui

97 3818 229 3889 pisllxrii.
258 3820 562 3881 serviumdAEmi.
611 3836 742 3895 numnam
765 3814 865 3891 fitero]
907 3812 1102 3903 Discrepantes

99 3896 150 3974 825.
161 3914 185 3957 et
196 3904 362 3963 scholiastes
375 3900 516 3979 Juvenalis
527 3900 562 3957 ad
613 3898 759 3955 austorum
779 3894 926 3952 sententias
941 3894 973 3949 de
987 3892 1101 3967 Hippo·

97 3976 289 4061 Sas.riii.a54.)
313 3984 411 4041 Cicero
424 3993 517 4039 tamen
529 3982 561 4037 de
611 3977 749 4036 centauris
769 3974 954 4053 suppeditabit
978 3972 1025 4029 Cl.
1043 3973 1098 4030 Bo·

20 4070 22 4073 ·
96 4054 148 4115 Pio.
159 4060 201 4121 lib.
216 4066 244 4122 ii.
264 4084 328 4143 cap.
345 4082 392 4140 19.
411 4064 445 4120 de
462 4074 561 4139 nepote
609 4060 731 4126 chartus,
741 4057 853 4125 llieroz,
865 4056 939 4113 Part.
951 4052 991 4111 Il.
1002 4052 1099 4111 nuri.

20 4168 21 4171 ¹
95 4135 261 4217 ficloqritur:
293 4144 385 4222 Neque
396 4158 471 4223 porro
490 4160 560 4200 caeo
608 4158 633 4196 c.
652 4156 698 4197 ro.
740 4223 742 4230 Ι

588 4239 608 4277 o
