2817 4859
257 308 318 371 ado
473 302 502 363 T
508 298 669 363 USCUL.
692 290 1082 361 DISPUTATIONUM

251 481 303 541 ut
318 461 439 538 differt
463 458 620 535 anxietas
641 458 689 533 ab
714 480 868 558 angores
895 474 1011 555 nequo
1038 456 1134 531 enim
1160 480 1292 532 omnes

259 562 373 652 arrxii,
389 558 452 660 qui
477 575 656 657 anguntur
677 556 884 655 aliquando,
902 582 966 631 nec
984 558 1046 656 qui
1065 556 1177 645 anxii,
1194 558 1294 632 sern-

259 687 326 777 per
349 678 549 759 anguntur:
581 673 624 729 ut
647 656 740 731 inter
759 656 966 731 ebrietatem
987 676 1023 730 et
1046 656 1295 731 ebriofitatem

260 760 429 844 anterest3
454 756 622 854 aliudque
648 757 701 830 est
724 772 917 829 amatorem
941 755 1023 845 effe,
1041 755 1138 829 aliud
1162 780 1293 829 arnan-

261 876 349 933 tem.
400 859 520 953 Atque
538 856 615 929 haec
633 853 785 929 aliorum
810 856 854 927 ad
880 854 967 927 alios
994 856 1136 929 morbos
1152 854 1295 952 procli-

260 958 353 1032 vitas
378 959 447 1029 late
470 970 591 1053 patet:
616 974 701 1027 nam
725 953 877 1052 pertinet
901 955 946 1026 ad
962 976 1084 1027 omnes
1100 954 1296 1051 perturba-

263 1057 400 1131 tiones:
428 1053 466 1127 in
485 1050 607 1125 multis
627 1050 736 1125 etiam
760 1050 856 1125 vitiis
882 1070 1037 1153 apparet,
1063 1052 1123 1125 sed
1152 1076 1294 1139 nomen

263 1178 319 1228 rea
332 1178 407 1227 non
423 1152 558 1227 habeta
584 1170 723 1249 ergoet
739 1148 866 1239 invidi,
889 1170 925 1225 et
948 1151 1125 1235 malevoli,
1142 1168 1179 1223 et
1204 1150 1294 1224 livi·

261 1253 314 1340 di,
331 1270 368 1325 et
391 1250 523 1335 timidi,
537 1265 575 1323 et
596 1250 850 1333 misericordes,
865 1242 975 1346 aquia
988 1248 1150 1347 proclive
1166 1252 1210 1321 ad
1229 1275 1295 1323 eas

262 1349 557 1463 perturbationes,
585 1374 658 1423 non
692 1348 777 1446 quia
807 1347 941 1447 semper
970 1348 1138 1423 tenantur.
1189 1348 1294 1421 Haec

262 1450 374 1548 igitur
396 1446 600 1547 proclivitas
616 1450 661 1521 ad
678 1447 780 1519 suum
797 1448 966 1558 quodque
983 1472 1107 1545 genus,
1124 1444 1296 1519 afimili-

139 1553 145 1566 '
261 1549 387 1622 tudine
413 1545 583 1645 corporis,
606 1546 845 1642 ²AEgrotatro
872 1548 1032 1625 dicatur:
1058 1548 1148 1619 dum
1171 1570 1213 1619 ea
1229 1544 1294 1618 in-

261 1647 444 1744 telligatur
468 1648 514 1718 ad
536 1646 784 1742 sagromndum
809 1646 1035 1742 proclivitas:
1062 1645 1122 1718 sed
1143 1645 1221 1717 hoec
1249 1646 1295 1718 in

261 1744 369 1819 bonis
393 1746 511 1831 rebus,
528 1745 627 1840 quod
650 1741 710 1816 alii
735 1744 781 1815 ad
805 1744 872 1815 alia
895 1745 990 1817 bona
1014 1744 1095 1817 sunt
1121 1742 1294 1841 aptiores,

224 1885 227 1890 ⁴
262 1842 430 1918 Facilitas
452 1842 677 1927 nominetur3
702 1841 766 1914 ain
791 1840 892 1915 malis
919 1842 1140 1931 Proclivitas‚
1156 1859 1197 1914 ut
1212 1842 1293 1940 fig-

261 1941 389 2015 nificat
414 1941 630 2040 lapstonem:
663 1940 701 2015 in
728 1940 860 2015 neutris
885 1940 1012 2015 habeat
1037 1941 1194 2039 superius
1212 1959 1294 2015 no·-

261 2064 359 2114 men.

311 2136 418 2212 XIII.
444 2137 531 2211 Quo
554 2138 664 2211 modo
685 2155 806 2211 autem
830 2138 866 2211 in
889 2162 1035 2238 corpore
1052 2136 1103 2211 est
1127 2138 1293 2228 morbus,

261 2236 316 2311 est
337 2236 535 2335 aegrotatio,
561 2253 598 2309 et
626 2234 767 2327 vitium,
787 2236 837 2309 fic
863 2234 1057 2311 inanimo.
1107 2237 1292 2311 Morbum

262 2337 444 2448 appellant
468 2334 762 2433 totius¹corporia
787 2335 1077 2447 corruptionem:
1114 2336 1292 2433 AEgrota·

261 2452 413 2520 tionem,
431 2435 598 2507 morbum
623 2456 707 2505 cum
734 2431 1002 2507 imbecillitate:
1029 2433 1182 2520 Vitium,
1200 2458 1292 2509 curu

260 2549 377 2629 partes
402 2530 560 2629 corporis
584 2531 676 2603 inter
701 2530 735 2605 se
766 2531 943 2619 diffident,
964 2558 1010 2606 ex
1037 2558 1111 2629 quo
1135 2534 1293 2631 pravitas

248 2630 519 2720 ,membr-orum,
536 2628 710 2719 distortio,
728 2630 943 2705 deformitas.
981 2632 1105 2742 Itaque
1123 2632 1183 2706 illa
1199 2634 1292 2722 duo,

263 2728 410 2801 morbus
434 2743 471 2801 et
494 2726 693 2825 aegrotatio,
711 2752 757 2801 ex
778 2730 887 2803 totius
902 2730 1113 2803 valetudinis
1129 2732 1292 2827 corporis

161 2874 166 2887 ·
259 2824 553 2924 'conquaffatione
569 2844 605 2899 et
620 2829 885 2925 perturbatione
910 2829 1129 2927 gignuntur;
1155 2829 1290 2903 vidum

262 2942 395 3010 autem,
421 2923 560 3023 integra
587 2926 804 3015 valetudine,
834 2926 949 3025 ipsum
978 2950 1025 3000 ex
1053 2927 1087 3000 se
1117 2928 1290 3002 cernitur.

261 3024 335 3095 Sed
364 3020 401 3095 in
429 3022 550 3096 animo
577 3026 828 3098 tantummodo
860 3024 1076 3123 cogitatione
1103 3027 1291 3124 possumus

261 3120 432 3193 morbum
446 3123 493 3194 ab
508 3123 741 3217 aegrotatione
760 3124 963 3222 sejungere:
983 3124 1150 3199 vitiofitas
1167 3142 1290 3199 autem

261 3218 315 3291 est
339 3218 493 3307 habitus,
510 3237 573 3292 aut
595 3218 756 3310 affedlio,
775 3220 811 3295 in
836 3239 912 3297 tota
930 3222 1002 3296 vita
1023 3224 1226 3299 inconstans
1246 3244 1292 3297 et

256 3340 284 3389 a
300 3316 335 3389 Ie
358 3316 431 3415 ipsa
456 3315 670 3393 dissentiens.
722 3320 776 3393 Ita
800 3320 856 3410 fit,
872 3340 915 3396 ut
938 3322 975 3395 iu
998 3324 1120 3412 altera,
1137 3346 1289 3421 cormp-

260 3412 359 3491 tione
376 3414 587 3515 opinionum
603 3418 748 3493 morbus
766 3419 941 3494 efficiatur
957 3438 993 3495 et
1008 3418 1220 3521 aegrotatio3
1246 3424 1289 3497 in

258 3629 546 3699 castneoemdelra,
555 3630 605 3691 lib.
619 3630 711 3717 Lcap.
720 3650 750 3709 4.
798 3638 871 3691 tavit
885 3634 957 3693 idem
971 3633 1165 3693 vlrsummut.
1215 3698 1223 3709 ,

261 3708 397 3837 acyllpilb
411 3709 528 3805 ⁸5⁸..
626 3791 635 3805 ο
838 3714 989 3811 'lamalis
1003 3714 1176 3811 proclivitas]
1191 3709 1291 3774 Es'xot·

261 3790 751 3963 elstram?
798 3807 916 3932 aaa?
929 3792 1292 3951 suanum

260 3946 349 4008 claves.
442 4003 447 4007 .
568 4009 571 4015 ,
657 3974 666 3986 ··
797 3956 883 4023 tium,
895 3954 944 4013 lib.
956 3956 1007 4015 vii.
1018 3960 1044 4028 t.
1063 3956 1290 4033 ussa-Arum

302 4032 316 4116 f
335 4029 488 4117 AEgrotatr'o
499 4030 623 4105 dicatur]
635 4030 749 4109 Vulgo,
793 4042 826 4092 'et
836 4036 987 4105 Stobaeum,
1002 4034 1097 4111 uclog.
1112 4035 1209 4097 Eure.
1221 4054 1291 4115 pag.

261 4101 355 4197 adeatur
363 4134 373 4179 5
394 4112 470 4187 quod
485 4112 595 4189 optImo
607 4113 749 4201 jure'rrru·
792 4124 868 4193 ¹177.
883 4116 926 4179 erl.
938 4118 1011 4175 Aur.
1025 4116 1086 4180 alt
