2817 4859
277 382 335 439 ²³4
477 360 667 425 TUSCUL.
690 359 1077 427 DISPUTATIONUM

275 520 416 619 pravius
442 520 532 597 nihil
556 524 626 599 usse
648 493 787 622 possus
817 522 975 601 Edocuit
999 540 1117 599 tuanen
1134 522 1237 609 ratio,
1252 538 1298 599 ut

272 619 365 694 mihi
381 619 529 718 quidem
551 623 705 713 videtur,
721 646 805 697 cum
829 623 899 697 hoc
926 622 1040 720 ipsum
1053 624 1205 797 proprie
1222 644 1298 695 nou

273 736 488 815 quareretur
517 722 588 795 hoc
620 739 794 819 tempore,
820 724 1051 818 numquode
1082 742 1117 795 et
1146 723 1297 811 malum,

272 815 340 891 nist
356 822 458 915 quod
475 818 570 895 idem
586 819 659 896 dici
675 840 776 918 turpe
793 821 906 917 pollet
921 852 932 905 ;
958 839 1076 895 tamen
1092 838 1133 895 ut
1155 820 1298 895 videte·

271 941 364 1001 mus,
381 917 554 1015 quicquid
572 920 658 993 effet
674 918 712 993 in
736 918 946 1017 aegritudine
968 919 1064 1009 mali,
1081 918 1118 993 id
1136 944 1209 993 non
1228 943 1295 991 na-

271 1017 384 1091 turale
398 1017 481 1107 elle,
495 1018 555 1091 sed
569 1018 769 1095 voluntario
779 1016 918 1115 judicio
932 1036 969 1093 et
984 1018 1161 1117 opinionis
1176 1042 1295 1093 errore

272 1117 511 1195 contractum.
1205 1156 1209 1163 ·

319 1214 502 1289 XXXIV.
526 1216 738 1291 delatum
755 1216 807 1291 est
823 1232 943 1291 autem
962 1242 982 1290 a
1007 1216 1108 1291 nobis
1124 1214 1162 1289 id
1179 1238 1294 1314 genua

268 1312 504 1411 agritudinis,
533 1317 630 1413 quod
657 1339 770 1389 uuum
802 1316 853 1391 est
879 1314 1042 1389 omnium
1066 1313 1292 1401 maximum

269 1431 323 1500 ut,
334 1436 377 1484 eo
391 1411 542 1503 sublato,
554 1423 564 1459 ‘
575 1414 793 1511 reliquorum
808 1414 961 1489 remedia
976 1440 1020 1487 ne
1037 1438 1169 1510 magno
1182 1436 1293 1510 opere

268 1514 460 1607 quaetenda
486 1512 706 1587 arbitremur.
758 1515 849 1589 Sunt
880 1512 977 1587 enirn
1009 1532 1102 1585 certa
1127 1536 1209 1607 quaa
1241 1512 1290 1583 de

267 1628 485 1707 paupertate,
502 1629 597 1687 certa
612 1636 695 1709 qum
711 1614 755 1685 de
773 1613 847 1685 vita
862 1612 1070 1687 inhonorata
1085 1630 1120 1683 et
1130 1610 1292 1705 'ingloria

266 1708 340 1782 dici
358 1709 513 1784 soleant:
535 1711 718 1809 separatim
736 1728 841 1785 certae
855 1711 986 1785 scholae
1004 1711 1083 1783 sunt
1102 1710 1145 1782 de
1163 1707 1289 1793 exilio,

266 1810 312 1881 de
338 1806 483 1882 interitu
507 1811 641 1907 patriae,
669 1812 715 1885 de
745 1808 922 1899 servitute,
949 1812 994 1881 de
1019 1806 1216 1892 debilitate,
1241 1808 1290 1881 de

265 1906 440 1992 caecitate,
456 1909 531 1981 ude
548 1908 644 1982 omni
664 1907 758 1998 casu,
776 1906 810 1981 in
828 1932 902 2005 quo
926 1932 1057 1981 nomen
1083 1904 1169 2003 poni
1197 1905 1289 1977 solet

265 2004 498 2079 calamitatis:
525 2006 605 2081 naec
632 2006 754 2080 Graeci
779 2010 815 2081 in
841 2007 994 2103 singulas
1019 2006 1169 2089 scholas,
1185 2020 1223 2077 et
1248 2002 1288 2078 iu

263 2102 422 2201 fingulos
445 2105 553 2180 libros
578 2105 811 2203 dispertiunt:
850 2130 939 2203 opus
971 2103 1066 2179 enim
1093 2121 1286 2201 quaerunt:

261 2213 493 2299 ‘quanquam
517 2207 633 2302 plenae
655 2203 912 2302 disputationes
929 2201 1173 2279 deledlationis
1190 2201 1284 2275 sunt.

259 2300 313 2373 Et
329 2320 447 2375 tamen
464 2320 504 2375 ut
521 2301 651 2377 medici
668 2320 746 2377 toto
765 2328 914 2401 corpore
939 2304 1109 2390 curando,
1125 2300 1286 2375 miuimae

257 2397 370 2473 etiarn
382 2400 471 2498 parti
496 2402 523 2475 fi
546 2400 734 2477 condoluit
753 2404 964 2476 medentur:
991 2404 1035 2473 lic
1058 2399 1286 2500 philosophia

260 2522 347 2572 curn
379 2501 573 2573 universam
601 2501 849 2598 aegritudinem
882 2498 1045 2586 sustulit3
1087 2517 1220 2588 tamen,
1254 2498 1283 2571 fi

257 2599 341 2692 quis
362 2622 456 2674 error
480 2597 622 2672 aliunde
646 2598 837 2690 exffitit,fi
862 2614 1047 2697 paupertas
1072 2596 1282 2683 momordit,

298 2829 488 2910 ‘tanqum
505 2828 745 2906 remedianemag·
792 2826 966 2907 disputationis
1000 2829 1068 2904 stant
1099 2826 1281 2889 drammatis.

256 2930 290 2969 tto
311 2926 380 2988 opere
403 2910 541 3003 querenda
563 2909 741 2981 arbitremur]
792 2910 875 3002 Uudp
889 2909 1037 2969 Manutius
1051 2928 1085 2965 ea
1097 2918 1188 2967 netem
1207 2908 1281 2967 libro

256 2990 744 3147 llttffdlttttaltd:
786 2986 1281 3149 §ilii‘jii“il”iffi

257 3151 424 3243 centonem
437 3152 563 3220 arbitror,
574 3151 633 3229 ipsa
650 3170 689 3220 re,
702 3148 742 3208 se·
789 3150 860 3215 Not,
876 3160 907 3208 ut
920 3148 1037 3241 videtur,
1047 3148 1167 3241 felicius,-
1183 3169 1278 3227 paon·

252 3246 380 3368 qupmssz·
393 3309 461 3367 omni
484 3308 557 3387 casia]
587 3310 693 3386 Vulgo,
715 3323 741 3367 et
788 3228 1277 3385 pgzipssmvitmzffigmsss:

252 3388 440 3467 leontiam.
478 3391 600 3449 Primam
611 3390 738 3449 voculam
787 3400 819 3447 ut
846 3390 971 3449 ordinem
1001 3392 1147 3449 verborum
1177 3388 1275 3466 suqua-

251 3468 413 3537 delevimus,
426 3471 454 3527 id
467 3473 541 3548 quod
555 3471 652 3530 volunt
665 3471 737 3547 Reg.
787 3489 860 3537 mur,
876 3490 961 3548 quam
983 3470 1113 3549 praeliant
1132 3470 1205 3546 Reg.
1228 3470 1274 3527 l'i·

251 3552 390 3610 Pithmn.
404 3552 483 3610 Med.
498 3552 600 3611 Elions.
615 3570 659 3630 pr.
673 3561 736 3610 tert.
785 3553 933 3611 theanen
952 3550 1044 3627 plura
1064 3550 1148 3609 MSS.
1190 3550 1275 3607 Hine

249 3647 277 3691 et
290 3632 360 3691 Bau.
785 3630 994 3688 hariolationem
1003 3630 1101 3688 diserte
1109 3628 1205 3687 firmat
1214 3630 1270 3687 Pal.

289 3720 304 3749 ¹
334 3713 489 3789 Quanquam
508 3712 593 3788 plenae
619 3712 734 3790 ‹disputa-
783 3721 875 3786 quart.
889 3710 939 3771 nili
952 3708 1201 3787 quodiamaledel
1240 3710 1245 3721 '

248 3791 325 3852 tiones
344 3792 513 3850 deificationis
528 3789 607 3869 suat]
637 3792 683 3851 Sic
705 3814 735 3849 e-
782 3792 820 3849 ni.
860 3791 954 3849 Nemo
973 3800 1045 3849 certe
1059 3789 1268 3849 nesciturum

250 3868 659 3936 mentivitHadrAEumebui,
673 3874 735 3931 Ad·
783 3872 888 3949 ingenii
914 3870 991 3931 fuill'e
1015 3870 1176 3949 disputatis,
1199 3888 1265 3945 quot

250 3951 320 4010 vers.
341 3952 390 4011 lib.
412 3952 469 4012 xia,
488 3972 550 4029 cap.
565 3964 594 4030 5.
616 3972 734 4028 eamque
781 3972 814 4010 ea
834 3961 945 4027 propter
963 3950 1121 4011 comendam
1134 3949 1266 4030 cupidiora

248 4029 434 4105 oenjeuuram
448 4043 606 4109 receperunt
619 4032 734 4090 Lambi-
782 4052 859 4109 quant
879 4032 999 4093 veritatis
1020 4032 1093 4091 dixit
1113 4031 1213 4091 Cituro
1232 4031 1264 4088 de

248 4129 313 4175 uua.
335 4111 485 4179 Fabricius,
508 4124 538 4174 et
555 4112 733 4171 Gebhardua.
781 4112 863 4175 Orat,
875 4111 926 4173 lib.
939 4113 959 4173 i.
972 4132 998 4173 c.
1015 4131 1061 4173 tr.

248 4190 337 4248 Multi
356 4190 472 4260 codices,
486 4199 640 4272 qumquam
653 4192 733 4272 plum
827 4243 829 4249 .
