2817 4859
262 372 324 452 μό
574 338 953 429 umunnnumnu‘s

252 550 405 631 semiaffurq
425 546 507 608 Terei
528 548 625 625 potius
645 556 695 605 aut
706 548 838 625 Thyeste.
848 536 934 617 dliii,
948 546 999 623 qui
1014 546 1042 605 in
1057 535 1189 605 nonvivio
1199 548 1243 605 vel
1257 546 1298 607 se·

261 648 349 709 minu
369 647 413 705 vel
435 646 481 705 afli
506 645 668 724 parentibus
694 648 917 722 apponebantur.
960 642 1062 702 Quid?
1093 644 1197 722 Jamne
1222 645 1297 704 vider

260 747 354 825 hujus,
367 766 452 826 quern
466 744 737 814 volunt,‘06touarii
751 744 966 803 absurdiffiruam
987 743 1174 803 sententiam?
1216 744 1296 805 Quid

261 845 308 903 ille
320 846 400 904 alter.

354 974 399 1024 Per
409 983 496 1022 tenum
506 972 571 1021 sanie
580 972 699 1021 delum
709 974 772 1022 soede
783 974 933 1022 divexarier?

261 1092 353 1160 Quid,
368 1092 486 1156 malurn,
500 1089 529 1147 id
542 1088 722 1157 lamentatur,
736 1090 812 1167 quod
822 1106 870 1169 per
882 1105 978 1149 imam
990 1090 1163 1147 divexandue
1183 1090 1239 1148 fit?
1261 1110 1298 1150 an

261 1190 358 1247 mallet
365 1204 414 1266 per
433 1206 528 1269 uquam
542 1205 558 1244 a
571 1186 690 1243 marinio
702 1184 812 1255 belluis,
826 1197 875 1245 aut
890 1204 938 1267 per
951 1207 1033 1245 aerem
1047 1206 1064 1245 a
1077 1187 1239 1245 vulturibus
1252 1186 1297 1245 dr-

258 1284 394 1345 lacerati?
435 1280 520 1343 Nihil
535 1282 592 1340 vidi
607 1282 738 1341 stultius:
762 1294 789 1341 et
810 1280 934 1361 profedto
955 1284 1007 1343 hoc
1024 1284 1111 1342 etiam
1130 1282 1194 1341 aliis
1214 1284 1297 1343 subo·

260 1383 324 1441 luit.
364 1382 456 1440 Aldus
476 1378 555 1437 enim
575 1379 739 1448 Manutius,
761 1380 927 1449 Lambinus,
948 1379 1109 1447 Scriverius,
1123 1380 1244 1449 Vossius,
1266 1393 1298 1439 ut

258 1479 364 1536 labanti
384 1478 466 1535 credo
485 1474 629 1533 sententia
648 1476 858 1553 aliquantulum
879 1476 1062 1546 consulerent,
1075 1476 1219 1535 delibutam
1238 1478 1297 1535 edi·

257 1578 369 1634 derunt.
409 1575 472 1642 Sed,
485 1584 673 1651 praeterquam
687 1554 763 1649 quod
783 1583 812 1632 et
824 1574 945 1632 Vidloril
965 1575 1081 1641 codices,
1094 1584 1123 1631 et
1140 1574 1298 1644 Gebhardi,

257 1684 286 1733 et
298 1674 342 1729 tui
356 1670 483 1729 delibutos
503 1666 613 1727 summo
631 1668 763 1727 consensu
781 1688 841 1747 prae
860 1670 885 1727 se
903 1670 1013 1740 serant;
1036 1688 1122 1747 quam
1139 1671 1182 1729 illi
1198 1670 1296 1729 lestin-

258 1790 324 1830 nem
335 1770 484 1837 inducunt,
498 1766 536 1823 est
554 1765 613 1843 ipsa
630 1784 682 1843 per
700 1764 726 1823 se
745 1764 924 1843 aspernanda.
965 1768 1084 1826 Veretur
1096 1768 1175 1825 enim
1190 1769 1248 1838 hic,
1261 1790 1296 1828 ue

258 1870 374 1925 cadaver
385 1865 466 1923 suurn
475 1878 524 1943 per
534 1872 629 1921 terrum
642 1882 659 1919 a
674 1863 790 1920 canibus
803 1862 979 1923 distrahatur.
1008 1866 1098 1933 Quot,
1114 1865 1218 1943 quaiso,
1233 1868 1296 1943 agn‘

253 1971 354 2047 jugera
367 1965 476 2044 pueruli
489 1964 606 2022 cadaver
615 1964 692 2042 sanie
711 1962 836 2021 dclibucre
853 1966 966 2042 potuit?
1008 1966 1103 2025 Immo
1116 1986 1181 2023 vero
1200 1966 1294 2044 ipsum

139 2067 143 2075 '
256 2082 366 2142 eorpus,
390 2082 445 2121 non
466 2071 557 2132 terra3
581 2060 646 2138 ipsae
667 2062 784 2139 reliquia
803 2061 876 2121 sanie
897 2074 924 2121 et
945 2066 1010 2123 tabo
1028 2062 1164 2124 fluebant.
1206 2068 1296 2124 Vides

253 2161 315 2239 jam
329 2171 357 2218 et
369 2162 446 2217 hunc
458 2158 644 2217 Odtonarium
657 2158 748 2216 nihilo
770 2158 911 2217 meliorem
932 2160 993 2230 effe,
1007 2180 1093 2238 quam
1113 2161 1192 2219 illum
1214 2163 1294 2239 prio·

258 2277 328 2318 rem.
369 2256 554 2333 Experiamur
568 2254 674 2331 igitur,
696 2274 733 2311 an
748 2254 855 2331 aliquid
875 2255 968 2315 sanius
986 2258 1194 2337 elegantiusque
1208 2280 1294 2317 exur-

257 2368 326 2432 gau
348 2355 377 2422 fi,
389 2361 423 2410 ut
444 2350 507 2411 sane
526 2352 638 2420 debent,
653 2350 689 2408 ad
701 2350 871 2411 Trochaicoe
892 2354 1063 2437 redigantur.
1103 2362 1203 2434 Atque
1224 2376 1295 2427 eece,

257 2470 314 2511 non
328 2450 411 2527 longe
425 2450 546 2528 potitos:

353 2578 413 2627 Neu
426 2578 536 2639 reliquias
550 2575 556 2643 Ι
570 2595 699 2630 remeare
715 2580 721 2647 Ι
734 2582 860 2629 denudatis
872 2578 880 2646 Ι
893 2582 980 2631 ollibus

351 2660 444 2711 'ferne
456 2658 538 2725 sanie]
552 2660 670 2711 delibutas
682 2662 689 2728 Ι
702 2664 765 2711 soede
776 2665 846 2711 direx
862 2660 868 2727 Ι
880 2664 948 2711 erier.

251 2791 355 2853 Quid?
376 2795 529 2851 nonnelros
542 2791 615 2851 bonos
618 2794 776 2874 septenarios
785 2794 849 2871 jure
862 2795 971 2873 optimo
982 2794 1142 2854 nominavit
1153 2796 1289 2855 Tullius?

255 2890 394 2968 Equidem
409 2890 482 2948 bonor
495 2886 547 2948 esse
558 2890 650 2949 versus
663 2902 692 2949 et
701 2912 764 2950 vere
775 2912 795 2949 a
809 2912 855 2949 me
870 2889 1006 2951 restitutos
1021 2892 1148 2970 puellare
1162 2892 1236 2971 posse
1249 2894 1290 2951 vi·

254 2988 339 3055 deor3
361 3006 398 3043 an
412 2986 571 3064 Jiptenorios
588 2987 650 3064 post
662 2986 830 3045 videbimus.
872 2988 933 3045 Neu
953 2988 1135 3066 manuscripti
1154 2990 1198 3046 tui
1219 2988 1291 3048 rusie

254 3084 396 3149 exhibent,
409 3103 465 3141 non
480 3083 537 3142 heu.
577 3086 771 3143 continuatur
784 3086 860 3143 enim
874 3086 963 3143 oratio
976 3110 985 3155 ς
1008 3085 1130 3163 Surgere
1141 3085 1226 3164 sepcsi
1243 3106 1290 3156 nie,

253 3182 396 3257 novestnas
409 3200 447 3237 me
460 3180 620 3239 inhumatum
627 3183 779 3261 putrescere,
794 3202 841 3241 neu
856 3181 1029 3258 aserissoede
1040 3181 1174 3240 diuniari.
1216 3182 1290 3240 Illud

250 3298 317 3337 veru
336 3276 385 3337 beu
409 3277 460 3355 qui
480 3277 560 3356 pollit
580 3298 646 3336 curn
661 3280 744 3337 verbo
765 3279 906 3337 infinitivo
923 3276 1068 3356 conjungi,
1089 3277 1185 3335 nullus
1199 3279 1290 3337 video.

250 3378 337 3435 Porro
354 3394 407 3455 pro
427 3374 566 3453 corruptis
587 3374 643 3432 illie
654 3375 770 3452 semioffi
787 3377 854 3453 regis
875 3396 942 3433 cum
963 3377 1130 3447 metri,tum
1143 3373 1290 3434 sententie„

250 3473 340 3531 dudlu
363 3492 467 3551 repono
477 3471 617 3550 semiesas:
638 3490 656 3529 a
674 3474 833 3531 volucribus
855 3494 955 3551 nempe
978 3482 1006 3530 et
1028 3472 1112 3531 serie:
1135 3493 1193 3550 quo
1219 3472 1289 3551 quid

250 3572 344 3648 aptius
356 3577 385 3626 et
398 3568 608 3628 convenientiae
621 3567 692 3651 fingi
706 3570 812 3647 potest?
854 3570 942 3629 Vides
954 3570 1030 3627 enim
1045 3566 1108 3646 jam
1129 3588 1219 3645 qnam
1235 3590 1284 3646 ap-

251 3666 336 3745 posite
351 3664 433 3722 addat
445 3662 582 3721 denudatis
595 3662 695 3739 ojfibus.
729 3666 807 3722 Nam
822 3664 898 3741 quod
911 3663 1004 3722 caeteri
1019 3663 1224 3741 poetaesemgsas
1238 3684 1290 3741 po·

180 3745 184 3752 ⁴
250 3766 309 3821 tius
320 3763 429 3830 dicunt,
443 3761 672 3838 quamsemiesas:
687 3761 717 3818 id
731 3760 811 3819 metri
826 3759 979 3819 necessitate
990 3760 1108 3829 faciunt,
1122 3763 1192 3837 quia
1194 3760 1289 3837 senie-

239 3861 290 3938 jes
304 3860 542 3938 quadrisyllabum
557 3858 587 3916 in
601 3857 678 3915 versu
692 3859 801 3917 heroico
815 3848 864 3917 aut
883 3846 1060 3937 pentametro
1079 3858 1145 3915 stare
1160 3876 1217 3915 nou
1236 3878 1289 3936 po·

249 3956 310 4015 teti.
344 3954 390 4015 Sic
404 3959 489 4014 iidem
503 3954 948 4034 dieuntsemanimis,scmdoniinis;
970 3964 1000 4012 at
1014 3953 1043 4012 in
1056 3953 1213 4012 Truchaioo
1227 3953 1289 4030 ple-

249 4073 285 4111 ne
298 4053 391 4114 efferre
403 4056 479 4123 licet,
482 4054 651 4131 semianimis,
658 4054 829 4131 semihominis
842 4048 1096 4119 πεντεσυλλάξως.
1137 4051 1212 4109 Illud
1233 4072 1287 4109 au-

249 4162 308 4210 rern
322 4150 401 4230 Regu
421 4152 538 4229 quidam
558 4150 749 4232 biterpolavit,
763 4171 799 4209 ne
819 4148 989 4228 adjedlirum
999 4146 1113 4229 sinuciffl
1124 4147 1214 4208 solum
1229 4148 1287 4211 une
