2817 4859
321 338 362 401 80
531 334 723 399 TUSCUL.
747 335 1135 397 DISPUTATIONUM

320 497 370 571 fic
387 496 578 595 ‘tanquam
605 494 642 569 in
668 496 758 569 febri
775 494 922 587 dicitur,
938 495 1007 569 alia
1028 496 1182 593 quadam
1200 495 1363 572 notione

319 594 429 670 verbi.
483 596 627 669 Dicitur
644 593 740 667 enim
756 594 826 668 alio
850 599 958 668 modo
983 592 1090 667 eriam
1115 614 1245 684 carere,
1263 620 1361 670 cum

317 694 453 793 aliquid
471 720 543 768 non
562 694 700 783 habeas,
718 712 754 765 et
772 718 843 765 non
861 695 989 767 habere
1006 714 1041 765 te
1059 692 1196 781 sentias,
1210 693 1357 767 etiamst

317 792 356 865 id
381 794 484 867 facile
509 791 653 891 patiare.
703 794 856 864 ‘Carere
886 794 922 864 in
948 810 1060 864 morte
1090 816 1162 863 non
1188 792 1353 878 dicitur3

317 891 414 965 hnec
431 892 527 966 enim
548 892 633 963 effer
659 892 879 964 dolendum:
906 889 1156 975 diciturillud,
1173 890 1272 962 bono
1291 917 1355 964 ca·

315 986 520 1089 rere,'quod
536 990 586 1062 est
604 992 748 1063 malum.
799 991 868 1061 Sed
888 1014 932 1063 ne
948 988 1052 1061 vivus
1075 988 1222 1085 quidem
1249 990 1356 1062 bono

316 1108 423 1177 caret,
440 1090 467 1161 fi
486 1116 527 1163 eo
544 1114 616 1160 non
635 1086 797 1185 indiget:
824 1087 883 1160 sed
900 1089 936 1159 in
957 1086 1039 1160 vivo
1056 1086 1207 1184 intelligi
1224 1105 1353 1161 tamen

314 1190 445 1289 potest,
462 1189 591 1287 iregno
607 1206 641 1259 te
660 1212 788 1260 carere.
840 1185 925 1260 Dici
947 1204 1066 1258 autem
1089 1186 1158 1258 hoc
1183 1184 1220 1257 in
1236 1204 1276 1259 te
1296 1188 1352 1259 sa-

315 1286 360 1359 tis
377 1287 551 1361 subtiliter
576 1312 648 1358 non
673 1286 788 1383 potest
805 1318 815 1370 ;
841 1286 955 1383 posset
977 1284 1013 1356 in
1030 1282 1240 1381 Tarquinio,
1259 1310 1352 1359 cum

315 1410 426 1483 regno
455 1388 540 1459 ell'et
569 1386 756 1483 expulsus:
792 1400 828 1457 ot
859 1383 893 1456 in
922 1400 1063 1455 mortuo
1088 1383 1160 1455 kne
1189 1381 1352 1483 intelligi

314 1484 472 1581 quidem.
525 1486 650 1557 Carere
681 1484 778 1555 enim
807 1481 986 1555 sentientis
1014 1483 1091 1564 est;
1128 1505 1194 1570 nec
1224 1482 1349 1555 sensus

313 1580 351 1654 in
370 1602 532 1657 mortuo:
561 1608 605 1655 ne
623 1608 739 1654 carere
756 1580 904 1677 quidem
920 1580 1030 1678 igitur
1047 1578 1083 1650 in
1101 1598 1244 1653 mortuo
1259 1582 1328 1653 est.

362 1682 562 1755 XXXVII.
590 1682 803 1778 Quanquam
831 1678 919 1776 quid
944 1704 1032 1776 opus
1047 1678 1098 1750 est
1115 1678 1152 1750 in
1171 1678 1240 1751 hoc
1258 1680 1349 1777 phi-

311 1781 500 1879 losophari,
538 1806 620 1853 cum
656 1804 730 1853 rem
764 1804 833 1850 non
868 1801 1081 1876 magnopere
1114 1775 1345 1876 philosophia

312 1904 416 1977 egere
448 1880 659 1952 videamus?
703 1874 899 1951 'Quotiens
930 1901 1003 1949 non
1033 1878 1143 1948 modo
1172 1877 1345 1951 dudlores

311 1978 434 2063 nostri,
455 1979 514 2051 sed
531 1977 684 2049 universi
702 1974 809 2047 etiam
826 1974 1002 2048 exercitus
1022 1976 1068 2046 ad
1092 2000 1165 2047 non
1190 1976 1344 2049 dubiam

312 2092 464 2147 mortem
489 2075 769 2148 concurrerunt?
804 2099 884 2169 quae
910 2072 1057 2171 quidem
1085 2073 1114 2144 st
1141 2072 1342 2163 timeretur,

311 2196 384 2245 non
403 2174 446 2247 L.
465 2174 605 2263 Bnttus,
623 2198 744 2246 arcens
766 2198 849 2245 eum
873 2171 989 2245 reditu
1013 2189 1202 2271 tyrannum
1226 2198 1341 2269 quem

350 2433 361 2471 t
381 2436 515 2515 Tanquam
530 2437 559 2495 in
567 2434 656 2513 febri]
679 2436 735 2495 llis
750 2438 798 2495 ad·
846 2438 913 2495 darn
934 2438 1060 2495 voculam
1080 2437 1148 2495 bene
1167 2440 1341 2513 ptaeternrit·

308 2516 425 2575 neslunt
439 2519 552 2593 quidam
567 2518 650 2574 MSS.
660 2538 714 2593 qua
727 2538 798 2573 carc·
846 2530 910 2574 tunt
932 2518 1004 2593 Reg.
1019 2518 1119 2575 Elieus.
1141 2530 1204 2576 tert.
1219 2529 1248 2575 et
1263 2522 1339 2577 Can-

306 2616 335 2652 τι
345 2594 500 2668 jucundum,
515 2598 588 2671 quod
608 2597 738 2671 glossema
756 2598 798 2653 vi·
845 2600 903 2653 tab.

306 2674 389 2731 detur
403 2694 419 2731 a
433 2676 523 2731 Sciolo
536 2674 624 2730 nescio
640 2696 695 2751 quo
707 2676 796 2732 intru·
884 2674 899 2712 ¹²
933 2678 988 2733 Nec
1015 2679 1079 2733 cuim
1104 2678 1161 2757 cffit
1188 2678 1337 2751 dolendum]

306 2751 389 2811 sum:
413 2754 518 2811 licelid
538 2756 651 2831 probare
672 2756 797 2813 videatur
844 2756 949 2831 Vulgo,
963 2778 1020 2813 non.
1053 2758 1114 2815 Noe
1129 2760 1199 2834 Reg.
1214 2760 1296 2817 Meu.
1312 2770 1338 2815 et

306 2832 398 2893 Hadr.
412 2834 569 2903 Tumebue‚
582 2835 696 2892 Advers.
709 2856 736 2891 x.
751 2838 796 2895 16.
845 2836 947 2893 Ellens.
962 2857 1004 2912 pr.
1019 2836 1169 2915 sequimur.

306 2914 414 2981 Cicero,
425 2914 480 2971 xvi.
493 2914 688 2991 Fam.Epill.r
694 2929 721 2993 5.
738 2916 797 2974 Mi-
886 2915 892 2951 ³
923 2918 1009 2995 mgna
1042 2929 1068 2973 te
1095 2917 1193 2991 carcre]
1232 2921 1337 2996 Vulgo,

305 2992 333 3049 bi
345 2995 477 3051 nuntiavit
492 3006 517 3051 le
527 2995 603 3073 plane
617 2994 685 3053 sebri
696 3015 795 3055 carere.
844 3016 920 3072 regno
944 3016 1037 3053 curere.
1086 2998 1212 3055 Mediam
1237 3022 1335 3057 vocem

305 3072 392 3129 Com.
408 3075 510 3131 Fronto
524 3074 598 3151 apud
608 3078 645 3133 A.
660 3076 796 3145 Gellium,
845 3078 974 3151 praestant
995 3077 1067 3154 Reg.
1091 3080 1170 3136 Med.
1197 3080 1273 3137 Balt.
1298 3082 1334 3136 li·

304 3152 364 3209 xix.
379 3153 405 3209 8.
440 3155 543 3210 Morbo
567 3154 674 3232 quidem,
692 3157 793 3233 inquit;
843 3154 919 3213 liens.
934 3168 997 3214 tert.
1013 3169 1041 3215 et
1053 3157 1163 3216 Balliol.

304 3250 389 3301 cares,
400 3231 451 3308 scd
469 3232 544 3291 verbi
561 3234 626 3291 vitio
645 3256 693 3292 non
713 3256 794 3294 cares.
884 3234 897 3271 ι
920 3238 961 3293 Ne
980 3238 1087 3315 intelligi
1099 3236 1215 3315 quidem]
1236 3240 1335 3315 Vulgo

303 3312 342 3403 fat
352 3312 418 3369 alibi
429 3312 507 3390 saepe.
529 3314 675 3373 Lucretius
689 3326 795 3385 tamen,
842 3317 948 3375 addunt
953 3318 1041 3394 potest,
1051 3327 1148 3375 conlra
1161 3318 1245 3375 fidem
1256 3322 1333 3378 codi-

303 3411 334 3448 ιι.
350 3411 379 3465 4.
842 3416 917 3453 cum.

343 3470 399 3529 Sed
412 3470 504 3549 quibus
521 3475 570 3551 ipse
590 3473 671 3531 malis
691 3492 792 3543 careae,
881 3476 887 3512 ¹
935 3477 1252 3551 rrrrienswconcurrenenl]
1275 3481 1332 3537 Ha-

381 3552 693 3631 quiacemeresteaoeest.
840 3556 902 3612 buit
914 3578 948 3612 ex
962 3557 1077 3615 Catonis
1091 3558 1272 3635 Originibus.
1308 3562 1333 3616 le

301 3632 347 3691 Sic
360 3632 445 3688 eliam
458 3633 629 3701 Ladlantlue,
641 3634 708 3691 Diu.
723 3635 789 3694 Inst.
840 3637 914 3709 apud
929 3638 1064 3695 Nostrum
1080 3638 1114 3694 de
1127 3637 1235 3696 Sen‘edl.
1245 3659 1275 3697 c.
1290 3658 1335 3695 xx.

301 3712 344 3769 iii.
368 3712 394 3768 8.
415 3720 442 3767 et
462 3714 572 3779 Seneca,
596 3713 684 3790 Epist.
705 3716 790 3773 cxvii.
840 3714 1109 3793 &cordon-legiones
1129 3719 1226 3792 nostras
1255 3719 1336 3797 (quod

234 3800 257 3821 ¹·
300 3790 373 3851 Vide
392 3800 419 3848 et
441 3784 602 3860 floresium,
623 3794 715 3869 Epod,
732 3795 790 3852 xvi.
828 3796 921 3872 scripst
932 3797 959 3854 in
977 3796 1141 3873 Originibus)
1156 3800 1183 3855 in
1196 3819 1256 3856 cum
1263 3800 1332 3878 serpe

303 3872 349 3929 16.
391 3872 443 3931 Sed
466 3872 521 3929 alia
543 3872 572 3929 in
597 3872 640 3927 hie
661 3874 730 3942 lucie
752 3875 790 3931 est
838 3874 917 3930 locrius
939 3878 1063 3952 prosedas
1089 3878 1173 3935 alacri
1198 3882 1288 3937 animo
1309 3896 1333 3935 (ι

299 3952 374 4007 verbi
389 3952 476 4010 notio.
837 3958 925 4022 crec'lo,
939 3958 1005 4013 unde
1016 3956 1045 4033 ft
1058 3978 1187 4034 rmnpnrm
1201 3958 1330 4015 redituras

338 4030 505 4090 ‘Carerein
518 4028 608 4107 morte]
623 4032 730 4108 Vulgo,
743 4053 788 4091 ca·
836 4033 1034 4095 arbitrarentur.
1082 4039 1154 4095 Vide
1184 4039 1217 4095 su
1247 4040 1329 4099 infer.

263 4136 266 4141 ·
299 4110 440 4167 terrenior
454 4113 578 4171 inmune.
620 4112 788 4175 Sedl‘eeuu·
837 4115 974 4189 capilii.
