2817 4859
244 336 306 413 με
578 290 947 397 auennmours

246 516 348 583 cecati,
359 514 408 575 orl
423 513 557 590 domesticis
570 514 648 573 ritiie
657 514 690 593 se
709 512 927 593 inquieaoffee:
957 510 1054 573 Quam
1069 510 1180 588 frigide,
1194 532 1283 590 quam

249 613 362 691 illepide
379 612 426 670 hic
451 612 585 689 repetitur
605 610 676 669 illud
695 610 798 669 uitiis?
827 628 864 669 en
887 609 1044 686 quidquam
1062 606 1135 685 sapit
1155 620 1207 667 eut
1229 610 1290 667 ele·

248 710 354 788 gantiae
373 718 425 767 eut
444 708 535 785 copiae
547 708 711 766 Tulliana?
754 706 948 765 Quamobrem
970 716 1020 763 aut
1033 706 1158 783 legerim,
1171 704 1290 780 domesti-

252 810 293 867 cis
303 809 405 887 stupris
432 820 512 887 atque
527 806 655 884 flagitiis,
678 815 730 864 aut
756 803 887 879 domesticu
914 803 1126 882 nequitiamque
1142 803 1288 880 flagitiie:

251 908 301 966 illa
312 906 390 965 euim
411 907 487 984 apud
501 905 637 965 Nostrum
651 924 710 963 una
722 922 787 961 cum
801 901 918 979 flagitiis
931 920 987 961 non
1003 899 1084 959 semel
1099 898 1202 978 juusta
1216 901 1290 979 legi·

250 1024 326 1066 mue.

292 1107 366 1183 Cap.
381 1106 459 1163 xxxi.
483 1104 568 1163 Veniet
581 1116 677 1181 tempus
698 1100 864 1175 (moriendi)
885 1114 911 1159 et
924 1097 1024 1179 quidem
1038 1096 1168 1167 cebriure
1190 1109 1215 1155 et
1225 1096 1292 1172 five

251 1202 482 1279 terradabufflvc
494 1202 671 1283 properabis:
693 1202 769 1259 volat
787 1200 854 1259 enim
867 1198 959 1275 Δία]
982 1186 1070 1257 erie
1083 1198 1197 1277 quidem
1212 1214 1291 1253 nuuc

252 1301 340 1377 vulgo
358 1301 451 1359 editur
469 1298 643 1359 rerraerabis:
662 1320 729 1359 cum
743 1311 847 1358 veteres
861 1299 997 1357 editiones
1017 1308 1045 1355 et
1057 1296 1164 1355 codicee
1178 1295 1290 1372 aliquot

251 1396 349 1477 scripti
369 1397 516 1457 retardabis
539 1397 705 1456 habuerint:
729 1396 805 1473 quod
827 1406 926 1453 natum
947 1396 1058 1453 videtur
1077 1414 1111 1451 ex
1132 1392 1182 1451 illo
1202 1392 1292 1449 altero

247 1492 405 1575 properabis,
417 1496 464 1553 cui
477 1494 581 1553 scilicet
600 1495 773 1553 contrarium
791 1504 821 1551 et
840 1486 984 1551 derideret
1000 1492 1160 1571 ponendum
1175 1491 1291 1548 uideba-

251 1600 300 1649 tur
319 1588 474 1649 retardabis.
514 1591 658 1649 Caeterum
678 1610 736 1650 uno
752 1592 836 1649 verbo
857 1588 975 1647 feliciter
996 1588 1129 1655 restituto,
1147 1588 1183 1645 de
1203 1587 1292 1645 altero

251 1700 314 1747 erat
326 1688 520 1765 cogitandum.
561 1688 641 1745 Ouid
655 1687 733 1745 enirn
748 1686 785 1743 est
795 1684 943 1767 properabis
956 1688 990 1744 ad
1002 1696 1119 1744 mortem
1132 1688 1143 1741 ἓ
1165 1688 1218 1743 hoc
1232 1704 1292 1743 ceo

253 1796 282 1843 te
295 1786 334 1843 esi
347 1786 535 1844 voluntariam
550 1795 670 1842 mortem
685 1784 837 1843 antediem
853 1784 903 1841 libi
917 1782 1061 1841 arcessere:
1074 1784 1151 1861 quod
1164 1786 1217 1842 hoc
1232 1782 1293 1861 ipso

253 1882 317 1941 loco
329 1882 427 1941 rudior
440 1893 578 1959 tanquam
591 1882 725 1939 illicitum
746 1890 774 1939 et
787 1878 925 1939 ursarium
940 1882 1068 1939 damnat.
1109 1882 1191 1939 Ouid
1204 1884 1292 1958 ergo?

253 1981 384 2056 equidem
397 1979 593 2055 corrigendum
608 1980 757 2056 puto,fioe
769 1976 932 2046 retractabis,
941 1980 1005 2055 five
1027 1978 1293 2038 OBTEMPERA·

255 2079 344 2137 BJS:
357 2078 433 2153 quod
444 2076 666 2154 sioompendiose
676 2087 705 2135 et
715 2096 780 2135 cum
797 2078 909 2155 Popup.
924 2074 1069 2155 scripseris,
1081 2098 1158 2135 more
1171 2078 1202 2135 in
1216 2092 1292 2135 eete-

256 2177 334 2233 ribue
359 2175 438 2233 librie
460 2184 579 2251 recepto,
604 2174 760 2231 minimum
785 2174 954 2232 aberraverit
977 2194 995 2233 a
1018 2174 1135 2252 vulgata
1161 2174 1291 2233 lesiioue.

255 2274 410 2335 chadlm
429 2286 524 2333 autem
538 2283 567 2333 et
579 2272 749 2353 obtemperare
761 2272 825 2331 sunt
838 2274 923 2352 plane
935 2273 1073 2332 antitheta
1087 2298 1096 2332 τ
1116 2285 1145 2332 et
1158 2274 1295 2334 sententia

256 2374 370 2450 exurgit
388 2371 538 2451 aptislima.
577 2371 771 2439 Morieudnm
791 2371 896 2447 inquit,
913 2371 985 2442 erit,
1006 2370 1053 2428 seu
1075 2371 1176 2449 iniquo
1197 2372 1293 2430 animo

256 2482 287 2529 et
300 2470 439 2547 ingratiis,
451 2471 506 2529 stre
517 2490 600 2547 tequo
611 2478 642 2526 et
658 2469 795 2539 libenter3
817 2466 863 2525 seu
881 2487 980 2527 renuat
993 2478 1021 2526 et
1033 2468 1228 2545 tergiverseris,
1240 2472 1294 2527 tire

256 2588 355 2647 parrae
367 2576 397 2627 et
409 2586 516 2626 morem
529 2584 619 2643 geret.
647 2566 716 2623 Huc
729 2566 853 2641 oppofite
866 2566 1002 2623 accedunt
1017 2566 1064 2623 illa
1077 2566 1179 2625 Graeca
1193 2566 1291 2625 Clean-

258 2662 325 2733 thie,
340 2682 405 2743 quae
419 2662 522 2720 Latine
533 2662 675 2739 eleganter
687 2662 811 2719 vertebat
824 2662 937 2731 Seneca,
952 2662 1037 2741 Episl.
1052 2663 1118 2721 cvii.

355 2812 413 2861 Duc
425 2825 476 2869 me,
487 2824 572 2873 parens
584 2808 687 2873 celsique
697 2806 837 2859 dominator
848 2810 908 2874 poll,

357 2894 523 2953 Quocumque
535 2890 638 2953 placuit:
657 2889 726 2938 nulla
732 2892 829 2955 parendi
841 2903 908 2941 mora
919 2894 972 2953 est3

357 2974 452 3023 Adsum
463 2975 579 3037 impiger:
597 2976 645 3023 Fac
655 2973 730 3021 uelle.-
746 2974 880 3023 eomltabor
889 2988 1002 3037 gemente

357 3056 487 3119 Melusque
497 3058 583 3117 patior,
592 3058 659 3119 quod
668 3058 719 3119 peti
729 3058 799 3107 licuit
809 3058 883 3107 imno.

357 3137 452 3185 Deme
461 3136 585 3185 volentem
595 3140 654 3194 tata,
665 3138 792 3189 uolentem
803 3139 902 3187 cratere.

301 3256 376 3333 Cap.
390 3256 480 3312 xxxii.
503 3254 608 3313 Sedere
620 3276 688 3314 nemo
702 3256 734 3315 de
747 3258 938 3317 immortasrtate
950 3258 1062 3337 depellet.
1104 3258 1150 3318 M.
1166 3260 1258 3318 Laudo
1269 3256 1297 3315 id
1406 3220 1407 3243 i

261 3350 384 3434 quidem:
404 3353 449 3429 etfi
459 3350 527 3412 nibil
536 3353 640 3411 animis
654 3368 748 3431 oportet
760 3353 906 3430 confidere]
929 3356 974 3414 lta
989 3356 1049 3433 post
1063 3356 1224 3415 Vidiorium
1239 3358 1293 3413 edi·

263 3452 308 3511 dit
330 3450 507 3518 Gebhardue,
533 3451 728 3528 manuscriptis
752 3451 806 3510 suit
831 3452 968 3511 serviliter
990 3452 1128 3521 audium,
1148 3454 1295 3531 quantovis
1405 3474 1406 3525 ᾗ

262 3548 433 3609 detrimento
444 3548 596 3607 sententiae.
638 3548 720 3607 Quid
740 3550 839 3608 enim?
859 3549 977 3609 nihilne
995 3564 1088 3630 opertu
1107 3552 1203 3609 animis
1223 3550 1297 3621 eonfi-

263 3648 351 3706 deret
377 3646 493 3704 hoccine
512 3658 546 3705 ut
565 3648 664 3706 Cicero
683 3648 805 3706 dixerit?
847 3646 928 3706 Quid
949 3650 1038 3726 igitur
1057 3660 1115 3707 tam
1137 3651 1224 3727 longa
1248 3653 1297 3707 hac

261 3742 451 3820 disputatione
464 3741 561 3800 astum
576 3744 637 3801 est?
658 3744 791 3821 quorsum
808 3744 866 3811 illa,
881 3746 929 3802 nili
951 3756 984 3803 ut
1000 3746 1075 3823 spem
1091 3746 1171 3804 uobis
1184 3756 1212 3805 et
1227 3746 1296 3804 lidu-

264 3839 339 3899 ciam
352 3840 439 3899 faciat
449 3840 671 3899 immortalitatis
692 3843 872 3899 animorum?
916 3843 984 3902 Quo
997 3842 1082 3919 padio
1095 3856 1190 3900 autem
1206 3842 1295 3901 laetu

264 3932 398 3993 fiduciam
419 3936 631 4004 interlocutorio,
645 3938 664 3993 sr
678 3936 746 3994 nibil
759 3936 840 4013 jubet
859 3936 1016 3996 considere?
1060 3936 1132 3996 Hac
1145 3938 1212 3997 suot
1225 3958 1294 4015 png·
1403 4010 1404 4015 ἵ

265 4029 371 4090 nantia.
412 4034 510 4092 Quare
523 4053 620 4092 revoca
633 4044 753 4091 veterem
768 4034 914 4093 iedliouem
934 4054 951 4093 a
966 4037 1101 4094 Manutio
1112 4046 1141 4093 et
1159 4037 1295 4096 Lambino

267 4129 419 4187 traditam:
443 4131 497 4189 Sed
507 4133 574 4191 nihil
586 4152 677 4192 urum
689 4144 783 4211 eportet
795 4132 927 4206 corfidere.
967 4134 1054 4195 Resle
1067 4134 1193 4213 quidem.
1235 4134 1294 4193 lior
