<?xml version="1.0" encoding="UTF-8"?>
<!DOCTYPE html PUBLIC "-//W3C//DTD XHTML 1.0 Transitional//EN"
    "http://www.w3.org/TR/xhtml1/DTD/xhtml1-transitional.dtd">
<html xmlns="http://www.w3.org/1999/xhtml" xml:lang="en" lang="en">
 <head>
  <title>
</title>
<meta http-equiv="Content-Type" content="text/html;charset=utf-8" />
  <meta name='ocr-system' content='tesseract 3.04.00' />
  <meta name='ocr-capabilities' content='ocr_page ocr_carea ocr_par ocr_line ocrx_word'/>
</head>
<body>
  <div class='ocr_page' id='page_1' title='image "./mtulliiciceroni00bentgoog_0137.png"; bbox 0 0 2817 4859; ppageno 0'>
   <div class='ocr_carea' id='block_1_1' title="bbox 359 394 1136 484">
    <p class='ocr_par' dir='ltr' id='par_1_1' title="bbox 359 394 1136 484">
     <span class='ocr_line' id='line_1_1' title="bbox 359 394 1136 484; baseline -0.003 -17"><span class='ocrx_word' id='word_1_1' title='bbox 359 397 535 467; x_wconf 77' lang='lat' dir='ltr'>&#39;Ltuult</span> <span class='ocrx_word' id='word_1_2' title='bbox 562 394 852 466; x_wconf 72' lang='lat' dir='ltr'>SBOUNDUS.</span> <span class='ocrx_word' id='word_1_3' title='bbox 1068 408 1136 484; x_wconf 77' lang='lat'>¹133</span> 
     </span>
    </p>
   </div>
   <div class='ocr_carea' id='block_1_2' title="bbox 52 558 1148 3241">
    <p class='ocr_par' dir='ltr' id='par_1_2' title="bbox 95 558 1132 1062">
     <span class='ocr_line' id='line_1_2' title="bbox 96 558 1131 678; baseline -0.002 -37"><span class='ocrx_word' id='word_1_4' title='bbox 96 565 212 641; x_wconf 81' lang='lat' dir='ltr'>finxit</span> <span class='ocrx_word' id='word_1_5' title='bbox 227 565 299 651; x_wconf 87' lang='lat' dir='ltr'>isse,</span> <span class='ocrx_word' id='word_1_6' title='bbox 317 589 405 639; x_wconf 90' lang='lat' dir='ltr'>cum</span> <span class='ocrx_word' id='word_1_7' title='bbox 422 565 575 678; x_wconf 81' lang='lat' dir='ltr'>optimos</span> <span class='ocrx_word' id='word_1_8' title='bbox 592 587 721 653; x_wconf 88' lang='lat' dir='ltr'>mores,</span> <span class='ocrx_word' id='word_1_9' title='bbox 738 581 774 638; x_wconf 91' lang='lat' dir='ltr'>et</span> <span class='ocrx_word' id='word_1_10' title='bbox 789 565 967 664; x_wconf 83' lang='lat' dir='ltr'>optimum</span> <span class='ocrx_word' id='word_1_11' title='bbox 982 558 1131 676; x_wconf 81' lang='lat' dir='ltr'>reipub-</span> 
     </span>
     <span class='ocr_line' id='line_1_3' title="bbox 95 663 1132 764; baseline -0.003 -21"><span class='ocrx_word' id='word_1_12' title='bbox 95 665 184 743; x_wconf 79' lang='lat' dir='ltr'>licae</span> <span class='ocrx_word' id='word_1_13' title='bbox 198 667 330 740; x_wconf 77' lang='lat' dir='ltr'>statum</span> <span class='ocrx_word' id='word_1_14' title='bbox 347 683 560 764; x_wconf 87' lang='lat' dir='ltr'>exqurreret.</span> <span class='ocrx_word' id='word_1_15' title='bbox 611 669 662 740; x_wconf 90' lang='lat' dir='ltr'>At</span> <span class='ocrx_word' id='word_1_16' title='bbox 677 689 765 738; x_wconf 84' lang='lat' dir='ltr'>vero</span> <span class='ocrx_word' id='word_1_17' title='bbox 783 689 858 754; x_wconf 90' lang='lat' dir='ltr'>nos,</span> <span class='ocrx_word' id='word_1_18' title='bbox 876 663 977 738; x_wconf 75' lang='lat' dir='ltr'>docti</span> <span class='ocrx_word' id='word_1_19' title='bbox 994 664 1132 740; x_wconf 86' lang='lat' dir='ltr'>serlicet</span> 
     </span>
     <span class='ocr_line' id='line_1_4' title="bbox 95 761 1130 862; baseline -0.001 -24"><span class='ocrx_word' id='word_1_20' title='bbox 95 789 119 838; x_wconf 86' lang='lat' dir='ltr'>a</span> <span class='ocrx_word' id='word_1_21' title='bbox 136 761 294 856; x_wconf 56' lang='lat' dir='ltr'>Graecia</span> <span class='ocrx_word' id='word_1_22' title='bbox 311 763 391 838; x_wconf 86' lang='lat' dir='ltr'>haec</span> <span class='ocrx_word' id='word_1_23' title='bbox 414 782 451 837; x_wconf 87' lang='lat' dir='ltr'>et</span> <span class='ocrx_word' id='word_1_24' title='bbox 474 789 496 838; x_wconf 90' lang='lat' dir='ltr'>a</span> <span class='ocrx_word' id='word_1_25' title='bbox 518 763 671 862; x_wconf 86' lang='lat' dir='ltr'>pueritia</span> <span class='ocrx_word' id='word_1_26' title='bbox 696 762 850 862; x_wconf 86' lang='lat' dir='ltr'>legimus</span> <span class='ocrx_word' id='word_1_27' title='bbox 871 782 909 837; x_wconf 88' lang='lat' dir='ltr'>et</span> <span class='ocrx_word' id='word_1_28' title='bbox 933 761 1130 837; x_wconf 77' lang='lat' dir='ltr'>discimust</span> 
     </span>
     <span class='ocr_line' id='line_1_5' title="bbox 96 861 1130 962; baseline -0.005 -22"><span class='ocrx_word' id='word_1_29' title='bbox 96 864 191 940; x_wconf 78' lang='lat' dir='ltr'>hanc</span> <span class='ocrx_word' id='word_1_30' title='bbox 217 863 457 938; x_wconf 87' lang='lat' dir='ltr'>eruditionem</span> <span class='ocrx_word' id='word_1_31' title='bbox 480 863 664 938; x_wconf 88' lang='lat' dir='ltr'>liberalem</span> <span class='ocrx_word' id='word_1_32' title='bbox 681 883 718 938; x_wconf 91' lang='lat' dir='ltr'>et</span> <span class='ocrx_word' id='word_1_33' title='bbox 733 861 936 936; x_wconf 70' lang='lat' dir='ltr'>doctrinam</span> <span class='ocrx_word' id='word_1_34' title='bbox 951 879 1130 962; x_wconf 82' lang='lat' dir='ltr'>putamus.</span> 
     </span>
     <span class='ocr_line' id='line_1_6' title="bbox 98 961 635 1062; baseline -0.004 -24"><span class='ocrx_word' id='word_1_35' title='bbox 98 963 169 1038; x_wconf 87' lang='lat' dir='ltr'>Sed</span> <span class='ocrx_word' id='word_1_36' title='bbox 188 964 280 1062; x_wconf 92' lang='lat' dir='ltr'>quid</span> <span class='ocrx_word' id='word_1_37' title='bbox 297 963 411 1062; x_wconf 87' lang='lat' dir='ltr'>poetis</span> <span class='ocrx_word' id='word_1_38' title='bbox 427 961 635 1036; x_wconf 79' lang='lat' dir='ltr'>irascimur?</span> 
     </span>
    </p>

    <p class='ocr_par' dir='ltr' id='par_1_3' title="bbox 52 1058 1148 3241">
     <span class='ocr_line' id='line_1_7' title="bbox 145 1058 1133 1160; baseline -0.002 -24"><span class='ocrx_word' id='word_1_39' title='bbox 145 1061 216 1138; x_wconf 82' lang='lat' dir='ltr'>xl.</span> <span class='ocrx_word' id='word_1_40' title='bbox 243 1061 395 1136; x_wconf 85' lang='lat' dir='ltr'><strong>Virtutis</strong></span> <span class='ocrx_word' id='word_1_41' title='bbox 411 1061 566 1160; x_wconf 85' lang='lat' dir='ltr'>magistri</span> <span class='ocrx_word' id='word_1_42' title='bbox 585 1058 788 1160; x_wconf 84' lang='lat' dir='ltr'>philosophi</span> <span class='ocrx_word' id='word_1_43' title='bbox 806 1061 943 1134; x_wconf 87' lang='lat' dir='ltr'>inventi</span> <span class='ocrx_word' id='word_1_44' title='bbox 960 1060 1054 1148; x_wconf 87' lang='lat' dir='ltr'>sunt,</span> <span class='ocrx_word' id='word_1_45' title='bbox 1067 1083 1133 1157; x_wconf 83' lang='lat' dir='ltr'>qur</span> 
     </span>
     <span class='ocr_line' id='line_1_8' title="bbox 96 1159 1140 1249; baseline -0.002 -15"><span class='ocrx_word' id='word_1_46' title='bbox 96 1162 278 1235; x_wconf 86' lang='lat' dir='ltr'>summum</span> <span class='ocrx_word' id='word_1_47' title='bbox 294 1163 431 1236; x_wconf 83' lang='lat' dir='ltr'>malum</span> <span class='ocrx_word' id='word_1_48' title='bbox 448 1162 610 1235; x_wconf 91' lang='lat' dir='ltr'>dolorem</span> <span class='ocrx_word' id='word_1_49' title='bbox 626 1159 798 1234; x_wconf 84' lang='lat' dir='ltr'><strong>dicerent.</strong></span> <span class='ocrx_word' id='word_1_50' title='bbox 848 1161 901 1233; x_wconf 86' lang='lat' dir='ltr'>At</span> <span class='ocrx_word' id='word_1_51' title='bbox 924 1177 978 1249; x_wconf 93' lang='lat' dir='ltr'>tu,</span> <span class='ocrx_word' id='word_1_52' title='bbox 995 1159 1140 1233; x_wconf 80' lang='lat' dir='ltr'>adoles·&#39;</span> 
     </span>
     <span class='ocr_line' id='line_1_9' title="bbox 98 1258 1133 1359; baseline -0.001 -27"><span class='ocrx_word' id='word_1_53' title='bbox 98 1286 191 1347; x_wconf 86' lang='lat' dir='ltr'>cens,</span> <span class='ocrx_word' id='word_1_54' title='bbox 210 1285 300 1335; x_wconf 90' lang='lat' dir='ltr'>cum</span> <span class='ocrx_word' id='word_1_55' title='bbox 318 1259 356 1334; x_wconf 92' lang='lat' dir='ltr'>id</span> <span class='ocrx_word' id='word_1_56' title='bbox 374 1259 439 1334; x_wconf 88' lang='lat' dir='ltr'>tibi</span> <span class='ocrx_word' id='word_1_57' title='bbox 457 1261 564 1359; x_wconf 87' lang='lat' dir='ltr'>paulo</span> <span class='ocrx_word' id='word_1_58' title='bbox 588 1277 670 1333; x_wconf 88' lang='lat' dir='ltr'>ante</span> <span class='ocrx_word' id='word_1_59' title='bbox 695 1259 838 1332; x_wconf 73' lang='lat' dir='ltr'>dixifl&#39;es</span> <span class='ocrx_word' id='word_1_60' title='bbox 862 1258 1002 1344; x_wconf 72' lang='lat' dir='ltr'>videri,</span> <span class='ocrx_word' id='word_1_61' title='bbox 1030 1283 1133 1357; x_wconf 87' lang='lat' dir='ltr'>roga-</span> 
     </span>
     <span class='ocr_line' id='line_1_10' title="bbox 96 1358 1132 1458; baseline -0.001 -26"><span class='ocrx_word' id='word_1_62' title='bbox 96 1376 189 1433; x_wconf 79' lang='lat' dir='ltr'>tusa</span> <span class='ocrx_word' id='word_1_63' title='bbox 214 1385 289 1448; x_wconf 91' lang='lat' dir='ltr'>me,</span> <span class='ocrx_word' id='word_1_64' title='bbox 307 1359 472 1433; x_wconf 81' lang='lat' dir='ltr'><strong>Etiamne</strong></span> <span class='ocrx_word' id='word_1_65' title='bbox 497 1361 608 1456; x_wconf 83' lang='lat' dir='ltr'>majus</span> <span class='ocrx_word' id='word_1_66' title='bbox 634 1383 742 1458; x_wconf 89' lang='lat' dir='ltr'>quam</span> <span class='ocrx_word' id='word_1_67' title='bbox 766 1358 934 1448; x_wconf 83' lang='lat' dir='ltr'>dedecus,</span> <span class='ocrx_word' id='word_1_68' title='bbox 950 1359 1063 1431; x_wconf 88' lang='lat' dir='ltr'>verbo</span> <span class='ocrx_word' id='word_1_69' title='bbox 1087 1360 1132 1431; x_wconf 92' lang='lat' dir='ltr'>de</span> 
     </span>
     <span class='ocr_line' id='line_1_11' title="bbox 98 1456 1132 1557; baseline 0 -27"><span class='ocrx_word' id='word_1_70' title='bbox 98 1457 271 1534; x_wconf 82' lang='lat' dir='ltr'>sententia</span> <span class='ocrx_word' id='word_1_71' title='bbox 302 1458 478 1532; x_wconf 86' lang='lat' dir='ltr'>destitisti.</span> <span class='ocrx_word' id='word_1_72' title='bbox 530 1461 640 1557; x_wconf 87' lang='lat' dir='ltr'>Rogo</span> <span class='ocrx_word' id='word_1_73' title='bbox 672 1459 744 1532; x_wconf 91' lang='lat' dir='ltr'>hoc</span> <span class='ocrx_word' id='word_1_74' title='bbox 774 1457 871 1530; x_wconf 91' lang='lat' dir='ltr'>idem</span> <span class='ocrx_word' id='word_1_75' title='bbox 900 1456 1132 1556; x_wconf 81' lang='lat' dir='ltr'>Epicurum?</span> 
     </span>
     <span class='ocr_line' id='line_1_12' title="bbox 98 1557 1148 1655; baseline -0.003 -23"><span class='ocrx_word' id='word_1_76' title='bbox 98 1558 208 1654; x_wconf 83' lang='lat' dir='ltr'>majus</span> <span class='ocrx_word' id='word_1_77' title='bbox 226 1560 324 1632; x_wconf 84' lang='lat' dir='ltr'>dicet</span> <span class='ocrx_word' id='word_1_78' title='bbox 341 1559 410 1631; x_wconf 84' lang='lat' dir='ltr'>effe</span> <span class='ocrx_word' id='word_1_79' title='bbox 428 1559 561 1632; x_wconf 85' lang='lat' dir='ltr'>malum</span> <span class='ocrx_word' id='word_1_80' title='bbox 588 1557 806 1630; x_wconf 83' lang='lat' dir='ltr'>mediocrem</span> <span class='ocrx_word' id='word_1_81' title='bbox 830 1559 1005 1647; x_wconf 89' lang='lat' dir='ltr'>dolorem,</span> <span class='ocrx_word' id='word_1_82' title='bbox 1021 1565 1148 1655; x_wconf 86' lang='lat' dir='ltr'>quam</span> 
     </span>
     <span class='ocr_line' id='line_1_13' title="bbox 97 1654 1136 1755; baseline -0.002 -25"><span class='ocrx_word' id='word_1_83' title='bbox 97 1657 295 1731; x_wconf 84' lang='lat' dir='ltr'>maximum</span> <span class='ocrx_word' id='word_1_84' title='bbox 313 1659 491 1732; x_wconf 82' lang='lat' dir='ltr'>dedecus:</span> <span class='ocrx_word' id='word_1_85' title='bbox 519 1656 649 1755; x_wconf 87' lang='lat' dir='ltr'>inipso</span> <span class='ocrx_word' id='word_1_86' title='bbox 666 1654 762 1729; x_wconf 88' lang='lat' dir='ltr'>enim</span> <span class='ocrx_word' id='word_1_87' title='bbox 779 1657 954 1729; x_wconf 86' lang='lat' dir='ltr'>dedecore</span> <span class='ocrx_word' id='word_1_88' title='bbox 970 1657 1055 1729; x_wconf 89' lang='lat' dir='ltr'>mali</span> <span class='ocrx_word' id='word_1_89' title='bbox 1075 1654 1114 1730; x_wconf 90' lang='lat' dir='ltr'>ni</span> <span class='ocrx_word' id='word_1_90' title='bbox 1131 1699 1136 1714; x_wconf 88' lang='lat'><strong>·</strong></span> 
     </span>
     <span class='ocr_line' id='line_1_14' title="bbox 98 1754 1132 1854; baseline 0.001 -27"><span class='ocrx_word' id='word_1_91' title='bbox 98 1757 145 1828; x_wconf 89' lang='lat' dir='ltr'>hil</span> <span class='ocrx_word' id='word_1_92' title='bbox 171 1757 258 1847; x_wconf 83' lang='lat' dir='ltr'>effe,</span> <span class='ocrx_word' id='word_1_93' title='bbox 276 1757 342 1830; x_wconf 84' lang='lat' dir='ltr'>nist</span> <span class='ocrx_word' id='word_1_94' title='bbox 367 1757 558 1854; x_wconf 87' lang='lat' dir='ltr'>sequantur</span> <span class='ocrx_word' id='word_1_95' title='bbox 584 1757 736 1830; x_wconf 87' lang='lat' dir='ltr'>dolores.</span> <span class='ocrx_word' id='word_1_96' title='bbox 788 1755 880 1828; x_wconf 81' lang='lat' dir='ltr'>Quis</span> <span class='ocrx_word' id='word_1_97' title='bbox 906 1754 1018 1852; x_wconf 87' lang='lat' dir='ltr'>igitur</span> <span class='ocrx_word' id='word_1_98' title='bbox 1043 1754 1132 1852; x_wconf 88' lang='lat' dir='ltr'>Epi·</span> 
     </span>
     <span class='ocr_line' id='line_1_15' title="bbox 97 1852 1132 1953; baseline 0 -26"><span class='ocrx_word' id='word_1_99' title='bbox 97 1879 225 1930; x_wconf 87' lang='lat' dir='ltr'>curum</span> <span class='ocrx_word' id='word_1_100' title='bbox 244 1857 404 1953; x_wconf 90' lang='lat' dir='ltr'>sequitur</span> <span class='ocrx_word' id='word_1_101' title='bbox 427 1857 542 1945; x_wconf 91' lang='lat' dir='ltr'>dolor,</span> <span class='ocrx_word' id='word_1_102' title='bbox 561 1879 644 1928; x_wconf 86' lang='lat' dir='ltr'>cum</span> <span class='ocrx_word' id='word_1_103' title='bbox 670 1855 740 1928; x_wconf 92' lang='lat' dir='ltr'>hoc</span> <span class='ocrx_word' id='word_1_104' title='bbox 766 1852 883 1952; x_wconf 87' lang='lat' dir='ltr'>ipsum</span> <span class='ocrx_word' id='word_1_105' title='bbox 907 1852 1009 1941; x_wconf 91' lang='lat' dir='ltr'>dicit,</span> <span class='ocrx_word' id='word_1_106' title='bbox 1037 1854 1132 1927; x_wconf 88' lang='lat' dir='ltr'>sum-</span> 
     </span>
     <span class='ocr_line' id='line_1_16' title="bbox 97 1953 1134 2050; baseline 0 -24"><span class='ocrx_word' id='word_1_107' title='bbox 97 1979 198 2028; x_wconf 93' lang='lat' dir='ltr'>mum</span> <span class='ocrx_word' id='word_1_108' title='bbox 227 1957 364 2038; x_wconf 86' lang='lat' dir='ltr'>malum</span> <span class='ocrx_word' id='word_1_109' title='bbox 389 1955 459 2029; x_wconf 84' lang='lat' dir='ltr'>effe</span> <span class='ocrx_word' id='word_1_110' title='bbox 485 1955 678 2028; x_wconf 90' lang='lat' dir='ltr'>dolorem?</span> <span class='ocrx_word' id='word_1_111' title='bbox 708 1979 785 2050; x_wconf 93' lang='lat' dir='ltr'>quo</span> <span class='ocrx_word' id='word_1_112' title='bbox 808 1953 965 2025; x_wconf 88' lang='lat' dir='ltr'>dedecus</span> <span class='ocrx_word' id='word_1_113' title='bbox 983 1958 1134 2048; x_wconf 89' lang='lat' dir='ltr'>majusa</span> 
     </span>
     <span class='ocr_line' id='line_1_17' title="bbox 95 2051 1132 2152; baseline -0.002 -27"><span class='ocrx_word' id='word_1_114' title='bbox 95 2054 313 2152; x_wconf 90' lang='lat' dir='ltr'>philosopho</span> <span class='ocrx_word' id='word_1_115' title='bbox 339 2056 479 2127; x_wconf 89' lang='lat' dir='ltr'>nullum</span> <span class='ocrx_word' id='word_1_116' title='bbox 502 2055 669 2152; x_wconf 72' lang='lat' dir='ltr'>expedio.</span> <span class='ocrx_word' id='word_1_117' title='bbox 720 2054 843 2126; x_wconf 80' lang='lat' dir='ltr'>Quare</span> <span class='ocrx_word' id='word_1_118' title='bbox 865 2053 943 2124; x_wconf 86' lang='lat' dir='ltr'>satis</span> <span class='ocrx_word' id='word_1_119' title='bbox 961 2051 1050 2124; x_wconf 91' lang='lat' dir='ltr'>mihi</span> <span class='ocrx_word' id='word_1_120' title='bbox 1067 2053 1132 2124; x_wconf 91' lang='lat' dir='ltr'>de·</span> 
     </span>
     <span class='ocr_line' id='line_1_18' title="bbox 96 2150 1133 2251; baseline -0.001 -27"><span class='ocrx_word' id='word_1_121' title='bbox 96 2153 192 2240; x_wconf 89' lang='lat' dir='ltr'>disti,</span> <span class='ocrx_word' id='word_1_122' title='bbox 212 2179 298 2228; x_wconf 89' lang='lat' dir='ltr'>cum</span> <span class='ocrx_word' id='word_1_123' title='bbox 315 2151 538 2251; x_wconf 84' lang='lat' dir='ltr'>respondisti,</span> <span class='ocrx_word' id='word_1_124' title='bbox 556 2153 677 2246; x_wconf 87' lang='lat' dir='ltr'>Majus</span> <span class='ocrx_word' id='word_1_125' title='bbox 692 2151 760 2225; x_wconf 85' lang='lat' dir='ltr'>tibi</span> <span class='ocrx_word' id='word_1_126' title='bbox 778 2150 892 2224; x_wconf 87' lang='lat' dir='ltr'>videri</span> <span class='ocrx_word' id='word_1_127' title='bbox 909 2152 1044 2224; x_wconf 85' lang='lat' dir='ltr'>malum</span> <span class='ocrx_word' id='word_1_128' title='bbox 1069 2153 1133 2224; x_wconf 91' lang='lat' dir='ltr'>de·</span> 
     </span>
     <span class='ocr_line' id='line_1_19' title="bbox 95 2247 1132 2350; baseline -0.001 -26"><span class='ocrx_word' id='word_1_129' title='bbox 95 2253 222 2341; x_wconf 90' lang='lat' dir='ltr'>decus,</span> <span class='ocrx_word' id='word_1_130' title='bbox 247 2279 355 2350; x_wconf 86' lang='lat' dir='ltr'>quam</span> <span class='ocrx_word' id='word_1_131' title='bbox 387 2254 560 2326; x_wconf 87' lang='lat' dir='ltr'>dolorem.</span> <span class='ocrx_word' id='word_1_132' title='bbox 610 2253 695 2324; x_wconf 91' lang='lat' dir='ltr'>Hoc&#39;</span> <span class='ocrx_word' id='word_1_133' title='bbox 723 2250 841 2348; x_wconf 89' lang='lat' dir='ltr'>ipsum</span> <span class='ocrx_word' id='word_1_134' title='bbox 864 2247 963 2322; x_wconf 88' lang='lat' dir='ltr'>enim</span> <span class='ocrx_word' id='word_1_135' title='bbox 985 2251 1132 2324; x_wconf 77' lang='lat' dir='ltr'>setene-</span> 
     </span>
     <span class='ocr_line' id='line_1_20' title="bbox 93 2347 1132 2450; baseline -0.003 -26"><span class='ocrx_word' id='word_1_136' title='bbox 93 2352 181 2436; x_wconf 77' lang='lat' dir='ltr'>bis3</span> <span class='ocrx_word' id='word_1_137' title='bbox 209 2351 396 2448; x_wconf 80' lang='lat' dir='ltr'>intelliges,</span> <span class='ocrx_word' id='word_1_138' title='bbox 423 2377 532 2450; x_wconf 89' lang='lat' dir='ltr'>quam</span> <span class='ocrx_word' id='word_1_139' title='bbox 557 2349 603 2422; x_wconf 89' lang='lat' dir='ltr'>fit</span> <span class='ocrx_word' id='word_1_140' title='bbox 626 2349 870 2422; x_wconf 86' lang='lat' dir='ltr'>obfistendum</span> <span class='ocrx_word' id='word_1_141' title='bbox 896 2347 1036 2421; x_wconf 88' lang='lat' dir='ltr'>dolori:</span> <span class='ocrx_word' id='word_1_142' title='bbox 1063 2375 1132 2421; x_wconf 90' lang='lat' dir='ltr'>nec</span> 
     </span>
     <span class='ocr_line' id='line_1_21' title="bbox 90 2446 1133 2545; baseline -0.002 -24"><span class='ocrx_word' id='word_1_143' title='bbox 90 2467 177 2521; x_wconf 90' lang='lat' dir='ltr'>tam</span> <span class='ocrx_word' id='word_1_144' title='bbox 194 2453 421 2545; x_wconf 85' lang='lat' dir='ltr'>quaerendum</span> <span class='ocrx_word' id='word_1_145' title='bbox 447 2451 510 2538; x_wconf 90' lang='lat' dir='ltr'>est,</span> <span class='ocrx_word' id='word_1_146' title='bbox 528 2450 633 2523; x_wconf 92' lang='lat' dir='ltr'>dolor</span> <span class='ocrx_word' id='word_1_147' title='bbox 658 2448 839 2520; x_wconf 81' lang='lat' dir='ltr'>malumne</span> <span class='ocrx_word' id='word_1_148' title='bbox 861 2446 918 2532; x_wconf 84' lang='lat' dir='ltr'>fit,</span> <span class='ocrx_word' id='word_1_149' title='bbox 935 2471 1044 2544; x_wconf 90' lang='lat' dir='ltr'>quam</span> <span class='ocrx_word' id='word_1_150' title='bbox 1067 2447 1133 2519; x_wconf 90' lang='lat' dir='ltr'>fir·</span> 
     </span>
     <span class='ocr_line' id='line_1_22' title="bbox 92 2543 1134 2624; baseline -0.005 -2"><span class='ocrx_word' id='word_1_151' title='bbox 92 2549 252 2622; x_wconf 86' lang='lat' dir='ltr'>mandus</span> <span class='ocrx_word' id='word_1_152' title='bbox 272 2547 408 2624; x_wconf 88' lang='lat' dir='ltr'>animus</span> <span class='ocrx_word' id='word_1_153' title='bbox 433 2551 478 2622; x_wconf 86' lang='lat' dir='ltr'>ad</span> <span class='ocrx_word' id='word_1_154' title='bbox 505 2549 664 2622; x_wconf 91' lang='lat' dir='ltr'>dolorem</span> <span class='ocrx_word' id='word_1_155' title='bbox 694 2546 895 2620; x_wconf 88' lang='lat' dir='ltr'>ferendum.</span> <span class='ocrx_word' id='word_1_156' title='bbox 948 2543 1134 2621; x_wconf 81' lang='lat' dir='ltr'>¹Conc1u.</span> 
     </span>
     <span class='ocr_line' id='line_1_23' title="bbox 93 2645 1133 2744; baseline -0.002 -24"><span class='ocrx_word' id='word_1_157' title='bbox 93 2649 189 2720; x_wconf 90' lang='lat' dir='ltr'>&#39;dunt</span> <span class='ocrx_word' id='word_1_158' title='bbox 206 2645 421 2722; x_wconf 82' lang='lat' dir='ltr'>ratiunculas</span> <span class='ocrx_word' id='word_1_159' title='bbox 445 2647 571 2738; x_wconf 88' lang='lat' dir='ltr'>Stoici,</span> <span class='ocrx_word' id='word_1_160' title='bbox 588 2672 653 2721; x_wconf 90' lang='lat' dir='ltr'>cur</span> <span class='ocrx_word' id='word_1_161' title='bbox 678 2672 751 2719; x_wconf 89' lang='lat' dir='ltr'>non</span> <span class='ocrx_word' id='word_1_162' title='bbox 776 2645 820 2718; x_wconf 90' lang='lat' dir='ltr'>fit</span> <span class='ocrx_word' id='word_1_163' title='bbox 845 2647 1005 2720; x_wconf 85' lang='lat' dir='ltr'>malum:</span> <span class='ocrx_word' id='word_1_164' title='bbox 1032 2645 1133 2744; x_wconf 87' lang='lat' dir='ltr'>quali</span> 
     </span>
     <span class='ocr_line' id='line_1_24' title="bbox 92 2744 1132 2843; baseline -0.001 -25"><span class='ocrx_word' id='word_1_165' title='bbox 92 2749 140 2818; x_wconf 90' lang='lat' dir='ltr'>de</span> <span class='ocrx_word' id='word_1_166' title='bbox 157 2749 283 2837; x_wconf 82' lang='lat' dir='ltr'>verbo,</span> <span class='ocrx_word' id='word_1_167' title='bbox 303 2774 377 2820; x_wconf 86' lang='lat' dir='ltr'>non</span> <span class='ocrx_word' id='word_1_168' title='bbox 400 2751 445 2821; x_wconf 91' lang='lat' dir='ltr'>de</span> <span class='ocrx_word' id='word_1_169' title='bbox 471 2773 507 2820; x_wconf 90' lang='lat' dir='ltr'>re</span> <span class='ocrx_word' id='word_1_170' title='bbox 531 2749 723 2820; x_wconf 84' lang='lat' dir='ltr'>laboretur.</span> <span class='ocrx_word' id='word_1_171' title='bbox 773 2744 877 2819; x_wconf 80' lang='lat' dir='ltr'>Quid</span> <span class='ocrx_word' id='word_1_172' title='bbox 902 2770 960 2818; x_wconf 93' lang='lat' dir='ltr'>me</span> <span class='ocrx_word' id='word_1_173' title='bbox 983 2745 1132 2843; x_wconf 83' lang='lat' dir='ltr'>decipis,</span> 
     </span>
     <span class='ocr_line' id='line_1_25' title="bbox 94 2843 1133 2944; baseline -0.002 -26"><span class='ocrx_word' id='word_1_174' title='bbox 94 2847 223 2919; x_wconf 81' lang='lat' dir='ltr'>Zeno?</span> <span class='ocrx_word' id='word_1_175' title='bbox 251 2872 336 2919; x_wconf 84' lang='lat' dir='ltr'>nam</span> <span class='ocrx_word' id='word_1_176' title='bbox 354 2871 437 2921; x_wconf 91' lang='lat' dir='ltr'>cum</span> <span class='ocrx_word' id='word_1_177' title='bbox 455 2847 492 2918; x_wconf 94' lang='lat' dir='ltr'>id</span> <span class='ocrx_word' id='word_1_178' title='bbox 509 2847 609 2944; x_wconf 91' lang='lat' dir='ltr'>quod</span> <span class='ocrx_word' id='word_1_179' title='bbox 626 2843 715 2917; x_wconf 90' lang='lat' dir='ltr'>mihi</span> <span class='ocrx_word' id='word_1_180' title='bbox 733 2844 903 2917; x_wconf 85' lang='lat' dir='ltr'>horribile</span> <span class='ocrx_word' id='word_1_181' title='bbox 919 2843 1073 2934; x_wconf 84' lang='lat' dir='ltr'>videtur,</span> <span class='ocrx_word' id='word_1_182' title='bbox 1091 2864 1133 2916; x_wconf 93' lang='lat' dir='ltr'>tu</span> 
     </span>
     <span class='ocr_line' id='line_1_26' title="bbox 52 2941 1132 3044; baseline -0.001 -28"><span class='ocrx_word' id='word_1_183' title='bbox 52 2991 56 3000; x_wconf 90' lang='lat'>·</span> <span class='ocrx_word' id='word_1_184' title='bbox 95 2946 244 3018; x_wconf 90' lang='lat' dir='ltr'>omnino</span> <span class='ocrx_word' id='word_1_185' title='bbox 261 2947 398 3030; x_wconf 86' lang='lat' dir='ltr'>malum</span> <span class='ocrx_word' id='word_1_186' title='bbox 423 2969 530 3044; x_wconf 84' lang='lat' dir='ltr'>negas</span> <span class='ocrx_word' id='word_1_187' title='bbox 555 2945 625 3016; x_wconf 87' lang='lat' dir='ltr'>effe</span> <span class='ocrx_word' id='word_1_188' title='bbox 642 2975 652 3027; x_wconf 78' lang='lat' dir='ltr'>t</span> <span class='ocrx_word' id='word_1_189' title='bbox 680 2941 827 3040; x_wconf 89' lang='lat' dir='ltr'>capior:</span> <span class='ocrx_word' id='word_1_190' title='bbox 854 2961 891 3015; x_wconf 90' lang='lat' dir='ltr'>et</span> <span class='ocrx_word' id='word_1_191' title='bbox 906 2942 993 3015; x_wconf 89' lang='lat' dir='ltr'>scire</span> <span class='ocrx_word' id='word_1_192' title='bbox 1010 2943 1132 3039; x_wconf 89' lang='lat' dir='ltr'>cupi0,</span> 
     </span>
     <span class='ocr_line' id='line_1_27' title="bbox 93 3040 1133 3143; baseline -0.002 -27"><span class='ocrx_word' id='word_1_193' title='bbox 93 3069 174 3140; x_wconf 91' lang='lat' dir='ltr'>quo</span> <span class='ocrx_word' id='word_1_194' title='bbox 190 3047 297 3118; x_wconf 91' lang='lat' dir='ltr'>modo</span> <span class='ocrx_word' id='word_1_195' title='bbox 317 3045 368 3130; x_wconf 87' lang='lat' dir='ltr'>id,</span> <span class='ocrx_word' id='word_1_196' title='bbox 387 3045 486 3143; x_wconf 93' lang='lat' dir='ltr'>quod</span> <span class='ocrx_word' id='word_1_197' title='bbox 503 3069 571 3140; x_wconf 85' lang='lat' dir='ltr'>ego</span> <span class='ocrx_word' id='word_1_198' title='bbox 597 3041 833 3116; x_wconf 86' lang='lat' dir='ltr'>miserrimum</span> <span class='ocrx_word' id='word_1_199' title='bbox 857 3040 1070 3131; x_wconf 88' lang='lat' dir='ltr'>existimem,</span> <span class='ocrx_word' id='word_1_200' title='bbox 1087 3066 1133 3114; x_wconf 86' lang='lat' dir='ltr'>ne</span> 
     </span>
     <span class='ocr_line' id='line_1_28' title="bbox 94 3139 1132 3241; baseline -0.002 -25"><span class='ocrx_word' id='word_1_201' title='bbox 94 3144 232 3216; x_wconf 85' lang='lat' dir='ltr'>malurn</span> <span class='ocrx_word' id='word_1_202' title='bbox 247 3142 400 3241; x_wconf 89' lang='lat' dir='ltr'>quidem</span> <span class='ocrx_word' id='word_1_203' title='bbox 417 3148 467 3218; x_wconf 87' lang='lat' dir='ltr'>srt.</span> <span class='ocrx_word' id='word_1_204' title='bbox 520 3141 708 3228; x_wconf 79' lang='lat' dir='ltr'>Nihil-est,</span> <span class='ocrx_word' id='word_1_205' title='bbox 726 3141 856 3237; x_wconf 92' lang='lat' dir='ltr'>inquit,</span> <span class='ocrx_word' id='word_1_206' title='bbox 876 3141 1012 3214; x_wconf 87' lang='lat' dir='ltr'>malum</span> <span class='ocrx_word' id='word_1_207' title='bbox 1028 3170 1038 3227; x_wconf 82' lang='lat'><em>3</em></span> <span class='ocrx_word' id='word_1_208' title='bbox 1065 3139 1132 3214; x_wconf 79' lang='lat' dir='ltr'>nisa</span> 
     </span>
    </p>
   </div>
   <div class='ocr_carea' id='block_1_3' title="bbox 86 3387 1135 4276">
    <p class='ocr_par' dir='ltr' id='par_1_4' title="bbox 90 3387 1134 3633">
     <span class='ocr_line' id='line_1_29' title="bbox 90 3387 1134 3552; baseline 0.002 -22"><span class='ocrx_word' id='word_1_209' title='bbox 90 3387 443 3532; x_wconf 55' lang='lat' dir='ltr'>drlldlllll‘l</span> <span class='ocrx_word' id='word_1_210' title='bbox 458 3392 591 3552; x_wconf 63' lang='lat' dir='ltr'>‘llll&#39;</span> <span class='ocrx_word' id='word_1_211' title='bbox 640 3393 727 3532; x_wconf 64' lang='lat'>{²33¹</span> <span class='ocrx_word' id='word_1_212' title='bbox 743 3393 899 3532; x_wconf 49' lang='lat' dir='ltr'>3¹1}ss</span> <span class='ocrx_word' id='word_1_213' title='bbox 917 3391 1134 3532; x_wconf 53' lang='lat' dir='ltr'>illllrlll</span> 
     </span>
     <span class='ocr_line' id='line_1_30' title="bbox 90 3548 898 3633; baseline -0.002 -21"><span class='ocrx_word' id='word_1_214' title='bbox 90 3554 139 3612; x_wconf 79' lang='lat' dir='ltr'>ed.</span> <span class='ocrx_word' id='word_1_215' title='bbox 164 3555 251 3612; x_wconf 76' lang='lat' dir='ltr'>carre.</span> <span class='ocrx_word' id='word_1_216' title='bbox 294 3548 350 3622; x_wconf 73' lang='grc' dir='ltr'>οὒς</span> <span class='ocrx_word' id='word_1_217' title='bbox 377 3551 503 3633; x_wconf 68' lang='grc' dir='ltr'>εὐλόγως</span> <span class='ocrx_word' id='word_1_218' title='bbox 525 3559 590 3612; x_wconf 75' lang='grc' dir='ltr'>ΕΚ·</span> <span class='ocrx_word' id='word_1_219' title='bbox 640 3557 672 3613; x_wconf 81' lang='lat' dir='ltr'>su</span> <span class='ocrx_word' id='word_1_220' title='bbox 685 3553 898 3632; x_wconf 76' lang='lat' dir='ltr'>reoeptaleetio.</span> 
     </span>
    </p>

    <p class='ocr_par' dir='ltr' id='par_1_5' title="bbox 86 3630 1135 4276">
     <span class='ocr_line' id='line_1_31' title="bbox 90 3630 1134 3708; baseline 0.001 -18"><span class='ocrx_word' id='word_1_221' title='bbox 90 3637 238 3692; x_wconf 78' lang='lat' dir='ltr'>Bnnnul</span> <span class='ocrx_word' id='word_1_222' title='bbox 262 3631 313 3708; x_wconf 71' lang='grc' dir='ltr'>τὴς</span> <span class='ocrx_word' id='word_1_223' title='bbox 337 3634 421 3694; x_wconf 65' lang='lat' dir='ltr'>dauri</span> <span class='ocrx_word' id='word_1_224' title='bbox 447 3630 590 3704; x_wconf 66' lang='grc' dir='ltr'>πολιτείας</span> <span class='ocrx_word' id='word_1_225' title='bbox 681 3645 691 3672; x_wconf 84' lang='lat'>¹</span> <span class='ocrx_word' id='word_1_226' title='bbox 714 3632 875 3692; x_wconf 76' lang='lat' dir='ltr'>Concludam</span> <span class='ocrx_word' id='word_1_227' title='bbox 887 3633 1060 3707; x_wconf 65' lang='lat' dir='ltr'>rucinnulos]</span> <span class='ocrx_word' id='word_1_228' title='bbox 1089 3634 1134 3691; x_wconf 81' lang='lat' dir='ltr'>Sic</span> 
     </span>
     <span class='ocr_line' id='line_1_32' title="bbox 89 3709 1135 3794; baseline 0 -22"><span class='ocrx_word' id='word_1_229' title='bbox 89 3709 234 3781; x_wconf 62' lang='lat' dir='ltr'>naeres,</span> <span class='ocrx_word' id='word_1_230' title='bbox 258 3709 295 3784; x_wconf 74' lang='grc' dir='ltr'>ὠς</span> <span class='ocrx_word' id='word_1_231' title='bbox 319 3711 506 3794; x_wconf 53' lang='lat' dir='ltr'>&amp;epitescat</span> <span class='ocrx_word' id='word_1_232' title='bbox 527 3715 591 3786; x_wconf 73' lang='grc' dir='ltr'>τούς</span> <span class='ocrx_word' id='word_1_233' title='bbox 640 3716 687 3775; x_wconf 91' lang='lat' dir='ltr'>Cl.</span> <span class='ocrx_word' id='word_1_234' title='bbox 714 3715 875 3784; x_wconf 69' lang='lat' dir='ltr'>Bentleiuse</span> <span class='ocrx_word' id='word_1_235' title='bbox 905 3727 934 3772; x_wconf 83' lang='lat' dir='ltr'>et</span> <span class='ocrx_word' id='word_1_236' title='bbox 960 3717 1006 3782; x_wconf 73' lang='lat' dir='ltr'>sic,</span> <span class='ocrx_word' id='word_1_237' title='bbox 1032 3723 1135 3791; x_wconf 75' lang='lat' dir='ltr'>preter</span> 
     </span>
     <span class='ocr_line' id='line_1_33' title="bbox 90 3789 1133 3873; baseline 0.001 -23"><span class='ocrx_word' id='word_1_238' title='bbox 90 3789 175 3860; x_wconf 72' lang='lat' dir='ltr'>siout.</span> <span class='ocrx_word' id='word_1_239' title='bbox 218 3795 267 3852; x_wconf 88' lang='lat' dir='ltr'>Sic</span> <span class='ocrx_word' id='word_1_240' title='bbox 280 3796 381 3854; x_wconf 83' lang='lat' dir='ltr'>iterum</span> <span class='ocrx_word' id='word_1_241' title='bbox 390 3817 422 3873; x_wconf 87' lang='lat' dir='ltr'>p.</span> <span class='ocrx_word' id='word_1_242' title='bbox 439 3797 505 3872; x_wconf 84' lang='lat'>198.</span> <span class='ocrx_word' id='word_1_243' title='bbox 520 3817 589 3873; x_wconf 86' lang='lat' dir='ltr'>quo-</span> <span class='ocrx_word' id='word_1_244' title='bbox 641 3795 850 3854; x_wconf 83' lang='lat' dir='ltr'>Gebhardianos</span> <span class='ocrx_word' id='word_1_245' title='bbox 861 3795 1079 3872; x_wconf 80' lang='lat' dir='ltr'>quinque,Reg.</span> <span class='ocrx_word' id='word_1_246' title='bbox 1094 3793 1133 3851; x_wconf 65' lang='lat' dir='ltr'>E</span> 
     </span>
     <span class='ocr_line' id='line_1_34' title="bbox 90 3874 1134 3952; baseline 0 -21"><span class='ocrx_word' id='word_1_247' title='bbox 90 3875 169 3932; x_wconf 78' lang='lat' dir='ltr'>circa</span> <span class='ocrx_word' id='word_1_248' title='bbox 193 3877 309 3952; x_wconf 76' lang='lat' dir='ltr'>magnis</span> <span class='ocrx_word' id='word_1_249' title='bbox 330 3875 542 3935; x_wconf 57' lang='lat' dir='ltr'>auctoritatibus</span> <span class='ocrx_word' id='word_1_250' title='bbox 565 3876 592 3936; x_wconf 90' lang='lat' dir='ltr'>se</span> <span class='ocrx_word' id='word_1_251' title='bbox 640 3876 718 3934; x_wconf 88' lang='lat' dir='ltr'>liens.</span> <span class='ocrx_word' id='word_1_252' title='bbox 731 3877 799 3945; x_wconf 88' lang='lat' dir='ltr'>duo,</span> <span class='ocrx_word' id='word_1_253' title='bbox 812 3875 930 3934; x_wconf 72' lang='lat' dir='ltr'>Peneus.</span> <span class='ocrx_word' id='word_1_254' title='bbox 942 3877 1011 3934; x_wconf 86' lang='lat' dir='ltr'>Balr.</span> <span class='ocrx_word' id='word_1_255' title='bbox 1025 3885 1054 3932; x_wconf 86' lang='lat' dir='ltr'>et</span> <span class='ocrx_word' id='word_1_256' title='bbox 1067 3874 1134 3932; x_wconf 85' lang='lat' dir='ltr'>Bal·</span> 
     </span>
     <span class='ocr_line' id='line_1_35' title="bbox 89 3954 1135 4035; baseline 0.003 -24"><span class='ocrx_word' id='word_1_257' title='bbox 89 3965 207 4012; x_wconf 76' lang='lat' dir='ltr'>lueetur</span> <span class='ocrx_word' id='word_1_258' title='bbox 218 3956 270 4014; x_wconf 83' lang='lat' dir='ltr'>ista</span> <span class='ocrx_word' id='word_1_259' title='bbox 279 3977 348 4016; x_wconf 62' lang='lat' dir='ltr'>vox»</span> <span class='ocrx_word' id='word_1_260' title='bbox 372 3958 426 4015; x_wconf 86' lang='lat' dir='ltr'>Sed</span> <span class='ocrx_word' id='word_1_261' title='bbox 439 3969 533 4016; x_wconf 81' lang='lat' dir='ltr'>tamen</span> <span class='ocrx_word' id='word_1_262' title='bbox 547 3958 591 4035; x_wconf 89' lang='lat' dir='ltr'>ip·</span> <span class='ocrx_word' id='word_1_263' title='bbox 641 3957 699 4016; x_wconf 87' lang='lat' dir='ltr'>liol.</span> <span class='ocrx_word' id='word_1_264' title='bbox 714 3977 765 4015; x_wconf 86' lang='lat' dir='ltr'>nec</span> <span class='ocrx_word' id='word_1_265' title='bbox 780 3958 862 4016; x_wconf 82' lang='lat' dir='ltr'>aliter</span> <span class='ocrx_word' id='word_1_266' title='bbox 880 3956 1021 4014; x_wconf 78' lang='lat' dir='ltr'>interdum</span> <span class='ocrx_word' id='word_1_267' title='bbox 1040 3954 1135 4031; x_wconf 88' lang='lat' dir='ltr'>loqui·</span> 
     </span>
     <span class='ocr_line' id='line_1_36' title="bbox 89 4034 1135 4116; baseline 0.003 -24"><span class='ocrx_word' id='word_1_268' title='bbox 89 4034 120 4092; x_wconf 82' lang='lat' dir='ltr'>se</span> <span class='ocrx_word' id='word_1_269' title='bbox 136 4035 262 4094; x_wconf 67' lang='lat' dir='ltr'>Plaude</span> <span class='ocrx_word' id='word_1_270' title='bbox 275 4037 349 4114; x_wconf 81' lang='lat' dir='ltr'>Rep.</span> <span class='ocrx_word' id='word_1_271' title='bbox 362 4038 413 4096; x_wconf 90' lang='lat' dir='ltr'>lib.</span> <span class='ocrx_word' id='word_1_272' title='bbox 428 4037 470 4096; x_wconf 85' lang='lat' dir='ltr'>iii.</span> <span class='ocrx_word' id='word_1_273' title='bbox 481 4058 509 4115; x_wconf 85' lang='lat' dir='ltr'>p.</span> <span class='ocrx_word' id='word_1_274' title='bbox 520 4053 590 4116; x_wconf 83' lang='lat'>437.</span> <span class='ocrx_word' id='word_1_275' title='bbox 641 4049 688 4096; x_wconf 81' lang='lat' dir='ltr'>tur</span> <span class='ocrx_word' id='word_1_276' title='bbox 705 4039 813 4096; x_wconf 87' lang='lat' dir='ltr'>Cicero.</span> <span class='ocrx_word' id='word_1_277' title='bbox 844 4036 950 4112; x_wconf 82' lang='lat' dir='ltr'>Vulgo,</span> <span class='ocrx_word' id='word_1_278' title='bbox 961 4035 1135 4095; x_wconf 74' lang='lat' dir='ltr'>ratiunculis:</span> 
     </span>
     <span class='ocr_line' id='line_1_37' title="bbox 88 4114 1135 4196; baseline 0.004 -24"><span class='ocrx_word' id='word_1_279' title='bbox 88 4116 142 4172; x_wconf 82' lang='lat' dir='ltr'>ed.</span> <span class='ocrx_word' id='word_1_280' title='bbox 153 4115 244 4192; x_wconf 80' lang='lat' dir='ltr'>Lngd.</span> <span class='ocrx_word' id='word_1_281' title='bbox 257 4119 400 4176; x_wconf 85' lang='lat' dir='ltr'>mitiorem</span> <span class='ocrx_word' id='word_1_282' title='bbox 411 4114 511 4196; x_wconf 74' lang='grc' dir='ltr'><strong><em>φράσιν</em></strong></span> <span class='ocrx_word' id='word_1_283' title='bbox 522 4115 593 4178; x_wconf 78' lang='lat' dir='ltr'>oino-</span> <span class='ocrx_word' id='word_1_284' title='bbox 641 4119 687 4178; x_wconf 90' lang='lat' dir='ltr'>cui</span> <span class='ocrx_word' id='word_1_285' title='bbox 702 4119 816 4177; x_wconf 72' lang='lat' dir='ltr'>leelioni</span> <span class='ocrx_word' id='word_1_286' title='bbox 829 4115 902 4177; x_wconf 82' lang='lat' dir='ltr'>solru</span> <span class='ocrx_word' id='word_1_287' title='bbox 914 4138 930 4175; x_wconf 86' lang='lat' dir='ltr'>e</span> <span class='ocrx_word' id='word_1_288' title='bbox 943 4116 1041 4177; x_wconf 77' lang='lat' dir='ltr'>uostris</span> <span class='ocrx_word' id='word_1_289' title='bbox 1058 4117 1135 4176; x_wconf 77' lang='lat' dir='ltr'>fatet</span> 
     </span>
     <span class='ocr_line' id='line_1_38' title="bbox 86 4193 722 4276; baseline 0.005 -21"><span class='ocrx_word' id='word_1_290' title='bbox 86 4193 210 4274; x_wconf 66' lang='grc' dir='ltr'>τέμνειν</span> <span class='ocrx_word' id='word_1_291' title='bbox 241 4199 374 4265; x_wconf 62' lang='lat' dir='ltr'>munera</span> <span class='ocrx_word' id='word_1_292' title='bbox 417 4199 492 4276; x_wconf 81' lang='lat' dir='ltr'>quod</span> <span class='ocrx_word' id='word_1_293' title='bbox 524 4199 593 4260; x_wconf 83' lang='lat' dir='ltr'>facit</span> <span class='ocrx_word' id='word_1_294' title='bbox 641 4200 722 4260; x_wconf 83' lang='lat' dir='ltr'>Med.</span> 
     </span>
    </p>
   </div>
   <div class='ocr_carea' id='block_1_4' title="bbox 663 4313 717 4370">
    <p class='ocr_par' dir='ltr' id='par_1_6' title="bbox 663 4313 717 4370">
     <span class='ocr_line' id='line_1_39' title="bbox 663 4313 717 4370; baseline 0 0"><span class='ocrx_word' id='word_1_295' title='bbox 663 4313 717 4370; x_wconf 65' lang='lat'>⁸³</span> 
     </span>
    </p>
   </div>
   <div class='ocr_carea' id='block_1_5' title="bbox 0 0 1414 4859">
    <p class='ocr_par' dir='ltr' id='par_1_7' title="bbox 0 0 1414 4859">
     <span class='ocr_line' id='line_1_40' title="bbox 0 0 1414 4859; baseline 0 0"><span class='ocrx_word' id='word_1_296' title='bbox 0 0 1414 4859; x_wconf 95' lang='lat' dir='ltr'> </span> 
     </span>
    </p>
   </div>
  </div>
 </body>
</html>
