2817 4859
297 377 352 440 162
504 375 696 436 TUSCUL.
721 368 1107 435 DISPUTATIONUM

293 536 378 612 salsa
402 537 471 608 else
498 534 570 620 illa,
597 557 678 632 quae
706 550 809 607 antea
832 536 877 606 de
902 531 1023 604 dolore
1052 525 1126 626 ipse
1153 525 1327 600 sensisset.

196 661 201 678 ·
295 637 416 711 Quem
441 659 524 708 cum
550 633 738 706 Cleanthes
761 630 1024 728 condiscipulus
1049 645 1200 724 rogaret,
1218 640 1326 722 quae-

294 761 377 808 nam
404 733 492 805 ratio
518 755 601 804 eum
627 733 672 803 de
696 729 867 803 sententia
891 726 1102 814 deduxisset,
1128 724 1327 821 respondit,

291 833 514 931 ²Quinrnque
539 845 667 901 tantum
690 848 797 928 opera
821 825 1031 928 philsophiae
1054 823 1203 922 dediffet,
1229 820 1328 895 dolo-

293 958 360 1001 rem
378 947 486 1002 tanton
527 955 599 1000 erre
623 955 685 999 non
707 928 832 1026 pqffet3
844 926 935 1020 satir
960 925 1035 1020 ψ
1049 922 1237 1023 argumenti
1252 949 1328 993 ma-

293 1027 359 1100 lum
375 1032 435 1124 effe
450 930 614 1100 dolsrem:
633 1023 795 1125 plurimos
819 1040 929 1096 autem
944 1050 1046 1094 annos
1064 1023 1100 1094 in
1122 1017 1327 1120 philosophia

292 1127 472 1224 cosfirmpst‚
498 1152 555 1196 nec
572 1126 672 1220 ferre
689 1125 837 1222 poffum:
861 1119 981 1194 mlum
1005 1122 1048 1213 est
1072 1120 1177 1218 igitzcr
1198 1117 1326 1190 dolor:

291 1245 370 1300 tum
388 1225 598 1309 Cleanthen,
615 1247 700 1296 cum
724 1224 816 1319 pede
839 1238 968 1294 terram
991 1219 1220 1318 percussisset,
1237 1243 1326 1293 ver-

294 1324 373 1396 sum
389 1335 458 1397 aerr
477 1319 650 1420 Epigonis
666 1321 787 1394 ferunt
801 1318 941 1409 dixisse,

354 1449 496 1516 Audisne
510 1451 579 1515 haec
593 1448 800 1538 Amphiarae,
815 1449 871 1515 sub
884 1462 1001 1513 terram
1014 1445 1143 1514 abdite?

281 1589 475 1664 'Zenonem
496 1587 733 1688 significabat,
750 1613 771 1662 a
791 1613 865 1685 quo
891 1587 994 1660 illum
1019 1587 1227 1684 degenerare
1252 1588 1324 1658 do-

290 1689 399 1764 lebat.
450 1690 500 1760 At
526 1713 598 1761 non
628 1689 745 1760 noster
774 1683 1005 1770 Pofidonius;
1040 1709 1150 1780 quem
1181 1684 1323 1782 etipse

290 1786 382 1883 saepe
399 1785 488 1872 vidi,
506 1803 542 1859 et
565 1787 604 1859 id
628 1787 747 1860 dicam
771 1786 871 1882 quod
894 1784 1027 1856 solebat
1052 1807 1188 1855 narrare
1209 1782 1324 1855 Pom-

291 1886 415 1982 peius:
444 1887 501 1975 Se,
519 1911 603 1966 cum
626 1885 803 1958 Rhodum
820 1880 968 1955 venisset
986 1883 1161 1954 decedens
1184 1906 1232 1953 ex
1251 1883 1322 1979 sy-

293 1983 355 2072 ria,
381 1983 506 2064 audire,
521 1983 669 2056 voluisse
697 1982 952 2066 Pofidonium;
979 1981 1039 2054 sed
1065 2005 1149 2052 cum
1169 1979 1323 2053 audisset

292 2105 375 2152 eum
405 2080 557 2177 graviter
583 2081 652 2153 esse
683 2105 833 2178 aegrum,
860 2081 959 2176 quod
987 2079 1213 2151 vehementer
1246 2081 1323 2152 e'ua

291 2197 386 2250 artus
402 2181 625 2264 laborarent3
652 2177 800 2254 voluisse
818 2196 936 2264 tamen
961 2175 1214 2250 nobilissimum
1233 2107 1322 2288 plri-

290 2277 480 2375 losophum
507 2278 639 2352 visere:
675 2303 785 2376 quem
809 2292 850 2348 ut
874 2277 1014 2349 vidisset
1041 2293 1078 2348 et
1106 2275 1323 2348 salutavisset

291 2376 570 2476 honorificisque
603 2377 720 2450 verbis
744 2375 949 2474 prosecutus
976 2374 1074 2464 esset,
1100 2374 1321 2471 molesteque

290 2475 325 2548 se
351 2473 494 2548 dixisset
519 2476 621 2564 ferre,
643 2476 743 2572 quod
767 2499 850 2548 eum
876 2499 948 2545 non
968 2471 1082 2571 posset
1106 2473 1257 2569 audire:
1285 2491 1322 2546 at

291 2571 365 2660 ille,
388 2573 448 2644 Tu
479 2598 575 2661 vero,
604 2571 733 2668 inquit,
762 2591 885 2669 potes:
923 2597 989 2644 nec
1016 2569 1255 2658 committam,
1281 2589 1322 2645 ut

291 2671 394 2741 dolor
418 2671 575 2766 corporis
600 2669 745 2759 efficiat,
765 2687 807 2742 ut
829 2670 956 2742 frustra
976 2687 1095 2742 tantus
1111 2670 1166 2741 vir
1187 2673 1234 2742 ad
1262 2696 1321 2742 me

291 2767 440 2841 venerit.
491 2769 614 2866 Itaque
642 2770 814 2856 narrabat,
831 2793 914 2840 eum
940 2767 1092 2866 graviter
1115 2787 1150 2840 et
1176 2768 1321 2866 copiose

289 2867 335 2938 de
361 2867 431 2939 hoc
458 2867 547 2965 ipso,
565 2865 670 2940 Nihil
695 2867 764 2940 esse
790 2869 925 2941 bonum
941 2865 1006 2938 nifi
1023 2867 1122 2962 quod
1138 2867 1227 2940 esset
1253 2867 1322 2940 hob

291 2967 442 3054 nestum,
467 2967 658 3039 cubantem
682 2965 893 3062 disputasse:
920 2989 1074 3060 cumque
1100 2965 1197 3062 quasi
1224 2967 1322 3039 faces

291 3062 324 3133 ei
349 3062 481 3136 doloris
507 3067 804 3148 admoverentur3
832 3063 922 3162 saepe
950 3061 1088 3148 dixisse,
1114 3062 1221 3135 Nihil
1244 3065 1321 3162 agis

291 3161 415 3234 dolor:
443 3161 604 3257 quamvis
629 3163 673 3236 fis
694 3163 874 3251 molestus,
891 3186 1074 3258 nunquam
1091 3177 1125 3233 te
1143 3162 1213 3234 esse
1232 3188 1322 3235 con-

290 3257 421 3332 fitebor
450 3260 595 3333 malum.
658 3261 889 3358 Omninoque
920 3285 1042 3333 omnes
1072 3259 1157 3334 clari
1184 3279 1225 3334 et
1253 3288 1322 3335 no-

290 3456 382 3516 Amst.
397 3467 426 3515 et
440 3459 603 3526 Athenaeus,
624 3459 672 3517 lib.
687 3459 735 3516 vii.
750 3480 780 3536 p.
829 3461 928 3519 θωσιν,

293 3537 362 3594 281.
385 3558 417 3595 ao
441 3538 491 3595 lib.
507 3559 536 3596 rr.
560 3559 626 3620 pag.
644 3554 713 3616 437.
734 3542 779 3597 ed.
868 3548 882 3577 ⁸
902 3539 1090 3618 Etllpigtonis]
1113 3543 1182 3599 Erat
1196 3542 1323 3621 AEsohy·

292 3618 384 3693 Lugd.
516 3655 520 3662 ·
829 3620 850 3676 li
858 3621 1020 3696 Tragoedia,
1028 3641 1115 3698 quam
1128 3621 1226 3679 laudat
1234 3626 1323 3682 Scho-

332 3697 344 3734 1
364 3697 690 3777 Quicumque-dedisci,
712 3699 781 3757 dolo-
829 3700 916 3758 liastea
930 3701 1040 3758 Pindari
1054 3703 1089 3759 ad
1103 3702 1199 3760 Isthm.
1215 3705 1256 3762 vi.
1276 3722 1322 3762 ro.

290 3797 341 3834 rem
356 3779 523 3850 tamensem
535 3800 582 3836 non
595 3779 684 3858 pfft]
707 3782 780 3837 Vol·
828 3801 946 3857 eamque
958 3782 1068 3838 videtur
1086 3784 1189 3840 Accius
1211 3784 1243 3840 in
1264 3785 1324 3841 lin·

291 3859 421 3934 go,quia,
435 3857 655 3937 arm-dedissent,
675 3859 781 3918 dolorm
828 3881 915 3935 guam
941 3861 1072 3918 Latinam
1098 3860 1213 3920 vertisse.
1247 3865 1324 3921 vide

290 3951 376 3994 tonica
386 3938 461 4009 fine
473 3959 520 3995 aon
530 3941 629 4016 polan.
669 3942 721 3997 Sed
736 3941 779 4016 ip·
828 3941 957 3998 Nonium
971 3961 1038 3998 cum
1049 3935 1125 4009 ilibi,
1134 3954 1194 3999 tum
1207 3943 1238 3999 in
1249 3963 1325 4000 mac·

292 4015 345 4071 sius
378 4019 535 4094 syllogismi
571 4021 641 4077 ratio
675 4034 779 4078 certam
828 4031 893 4078 tare.
927 4022 1074 4079 Falluntur
1087 4024 1119 4090 ii,
1134 4024 1184 4099 qui
1202 4023 1324 4100 Euripi·

292 4096 379 4152 reddit
393 4100 561 4164 celeberrimi
576 4100 694 4157 Bentleii
710 4098 779 4178 stip·
827 4102 870 4158 dir
885 4102 982 4160 drama
996 4101 1074 4162 fuisse
1086 4101 1266 4162 oeusuemnt.
