2817 4859
300 396 320 445 e
517 358 711 441 tuscus.
733 366 1125 442 ntsrurttrotsuot

294 536 533 639 temporibus,
562 530 674 637 lbngo
706 535 894 613 intervallo
926 538 1122 619 interruiffa
1149 524 1335 611 revocavi.

300 640 459 715 Etcum
485 634 647 711 omnium
673 636 803 711 artium
832 663 915 735 quae
943 644 990 715 ad
1019 641 1156 715 rectam
1182 634 1338 711 vivendi

299 736 396 813 viam
412 734 628 838 pertinerent
643 734 734 810 ratio
750 754 787 810 et
803 735 989 835 disciplina
1002 738 1120 814 studio
1137 734 1337 835 sapientire,

219 910 220 915 ,
300 860 384 933 quae
409 828 636 947 philosophia
652 834 813 924 ‚dicitur¹
841 838 1113 922 contineremu-
1139 836 1209 908 hoc
1238 832 1336 908 mihi

299 933 436 1009 Latinis
460 932 571 1009 literis
596 932 844 1008 illustrandum
856 936 992 1033 putavi.
1042 936 1130 1011 Non
1146 932 1233 1031 quia
1246 932 1337 1031 phi·

298 1026 374 1109 loso
401 1030 461 1107 hia
474 1032 491 1079 b
503 1031 642 1107 Graecis
658 1052 699 1112 et
710 1032 821 1106 literis
834 1052 871 1107 et
883 1035 1094 1111 doctoribus
1106 1032 1241 1134 percipi
1255 1056 1336 1105 non

253 1212 257 1223 ,
299 1152 348 1232 po
378 1150 436 1207 etr
454 1130 513 1207 scd
531 1156 652 1207 meum
669 1132 804 1231 semper
814 1131 996 1229 judicium
1011 1132 1094 1224 fuit,
1110 1132 1231 1208 omnia
1246 1132 1334 1205 nos-

298 1251 371 1307 tros
396 1250 459 1305 aut
481 1230 652 1305 invenisse
669 1256 733 1331 per
757 1231 791 1305 se
816 1230 1006 1330 sapientius
1027 1258 1136 1335 quam
1152 1232 1335 1317 Graecose

298 1348 363 1405 aut
389 1348 547 1429 accepta.
568 1333 613 1403 ab
643 1327 714 1407 illis
740 1330 859 1412 feriffe
885 1330 1046 1419 meliora,
1073 1357 1153 1431 quae
1182 1328 1335 1428 quidem

300 1430 410 1529 digna
426 1427 633 1520 statuiffent,
650 1428 689 1503 in
706 1428 837 1527 quibus
853 1432 1086 1507 elaborarent.
1135 1429 1234 1503 Nam
1250 1453 1334 1501 mo-

298 1552 353 1603 res
369 1546 405 1603 et
420 1527 581 1603 instituta
597 1526 695 1618 vita,
709 1528 832 1627 resque
850 1531 1060 1605 domesticas
1072 1554 1114 1603 ac
1128 1526 1334 1613 familiares,

299 1652 364 1701 nos
380 1627 545 1725 prosedlo
562 1646 598 1701 et
613 1626 740 1701 melius
756 1644 901 1703 tuemur
915 1647 952 1703 et
968 1628 1098 1703 lautius
1114 1660 1124 1714 3
1152 1652 1227 1701 rem
1242 1652 1332 1701 vero

297 1724 483 1825 publicam
501 1725 610 1799 nostri
636 1728 783 1825 majores
809 1746 904 1802 certe
929 1726 1137 1803 melioribus
1154 1742 1332 1897 tempera-

296 1842 427 1898 verunt
443 1844 479 1898 et
495 1822 664 1898 institutis
680 1844 717 1897 et
736 1824 895 1924 legibus.
947 1826 1048 1901 Quid
1071 1828 1198 1923 loquar
1248 1851 1268 1897 e
1293 1850 1335 1899 re

297 1921 470 1997 militari?
503 1922 541 1997 in
565 1949 636 2021 qua
660 1950 745 1997 cum
762 1924 892 1999 virtute
909 1924 1018 1999 nostri
1036 1928 1193 1999 multum
1207 1926 1333 1997 value-

298 2040 394 2109 runt,
412 2039 490 2095 turn
507 2023 587 2133 plus
604 2020 713 2096 etiam
730 2022 820 2095 disci
845 2024 929 2098 lina.
979 2025 1061 2098 Jarn
1076 2024 1150 2114 illa,
1166 2046 1250 2120 quae
1266 2048 1332 2095 na·

296 2138 377 2194 tura
402 2146 474 2195 non
497 2120 607 2194 literis
635 2120 783 2193 allocuti
820 2142 899 2209 unt,
929 2146 1045 2220 neque
1074 2148 1159 2197 cum
1188 2120 1334 2195 Graecia

297 2236 415 2319 neque
438 2221 512 2292 ulla
537 2244 621 2294 curn
647 2238 752 2319 gente
773 2220 855 2293 sunt
872 2222 1108 2298 conferenda:
1135 2244 1218 2319 quae
1233 2219 1331 2294 enim

296 2334 397 2392 tanta
412 2316 577 2416 gravitas,
592 2344 673 2415 quae
690 2335 788 2391 tanta
803 2318 1012 2410 constantia,
1026 2318 1237 2433 magnitudo
1253 2318 1333 2393 ani·-

235 2456 239 2465 ·
296 2414 362 2509 mi,
379 2416 546 2515 probitas,
564 2417 667 2507 fides,
685 2441 768 2516 quae
791 2436 865 2491 tarn
889 2421 1068 2493 excellens
1090 2444 1127 2491 tn
1150 2416 1250 2493 omni
1268 2442 1332 2517 ge·

297 2540 380 2589 nere
399 2514 511 2589 virtus
527 2515 566 2587 in
580 2515 662 2587 ullis
678 2516 760 2605 fuit,
777 2534 819 2589 ut
833 2518 879 2590 stt
896 2542 981 2591 cum
998 2517 1188 2615 majoribus
1205 2517 1333 2591 nostris

297 2616 537 2711 comparanda
551 2615 563 2687 i
602 2612 781 2688 Dodlrina
798 2616 941 2691 Graecia
955 2642 1021 2692 nos
1044 2636 1079 2691 et
1096 2614 1195 2691 omni
1209 2615 1334 2689 litera-

297 2734 378 2785 rum
402 2736 532 2811 genere
560 2710 837 2811 superomnia
864 2742 938 2813 quo
960 2734 1033 2790 erat
1059 2714 1163 2789 facile
1190 2714 1336 2790 vincere

297 2836 373 2883 non
402 2831 651 2909 repugnantes.
704 2810 804 2885 Nam
828 2838 913 2888 cum
938 2816 1034 2913 apud
1059 2814 1210 2893 Graecos
1238 2814 1336 2889 anti-

298 2908 506 3007 quiilimum
531 2908 686 2985 edodiis
712 2935 823 3009 genus
846 2912 891 2985 fit
916 2932 1127 3012 poetarum
1154 2913 1336 3011 siquidem

299 3009 481 3083 Homerus
498 3008 568 3082 fuit
584 3028 619 3082 et
642 3008 823 3084 Hesiodus
847 3030 929 3084 ante
955 3014 1112 3087 Romam
1136 3010 1335 3107 conditam,

298 3106 542 3181 Archilochus
559 3126 728 3207 regnante
743 3110 929 3183 Romulo:
952 3110 1059 3185 serius
1072 3108 1250 3211 poeticam
1268 3136 1337 3185 nos

298 3204 514 3304 accepimus.
565 3205 714 3281 cAnnis
736 3207 836 3283 enim
858 3210 931 3283 fere
956 3234 1124 3285 cccccx
1146 3212 1225 3309 post
1252 3210 1338 3285 Ro·

326 3418 356 3487 ,ὓ
376 3420 476 3480 Grecis
495 3430 523 3479 et
542 3422 629 3481 literis
642 3431 671 3481 et
685 3422 793 3481 dodoi·
841 3447 875 3483 ex
885 3404 988 3485 ‘uxrrn
1003 3426 1079 3485 sacili
1094 3424 1171 3505 lapsu
1188 3445 1277 3485 uxrv.
1292 3426 1337 3485 ie·

300 3500 362 3577 bus]
383 3502 479 3561 Vatic.
491 3500 573 3561 libris.
609 3502 736 3581 Vulgata
750 3516 793 3562 ta·
841 3506 904 3563 cisse
917 3507 1017 3565 censet.
1036 3509 1069 3565 In
1085 3506 1160 3565 fastis
1173 3508 1235 3565 sane
1246 3504 1338 3565 Clau-

301 3582 373 3641 tnen'
392 3580 474 3641 tectio
501 3602 558 3641 non
578 3584 616 3642 est
638 3584 794 3653 deserenda,
842 3586 882 3645 dii
896 3597 924 3644 et
936 3588 1072 3645 Tuditani
1086 3588 1242 3646 comitiatus
1253 3588 1288 3645 ad
1297 3592 1337 3645 Α,

223 3691 226 3707 ν
302 3684 368 3741 quae
381 3660 495 3739 reliquis
513 3664 614 3723 nititur
626 3664 711 3725 MSS.
740 3668 794 3723 Vi·
843 3667 927 3741 U.‚C.
938 3667 1168 3727 extumescunt.
1184 3672 1338 3747 Atquem·

299 3746 334 3803 de
357 3764 409 3803 nos
429 3744 464 3801 ad
492 3744 543 3803 lib.
569 3745 588 3803 i.
616 3746 650 3803 de
677 3746 741 3805 lin.
768 3766 794 3806 c.
843 3749 995 3806 admodum
1029 3749 1144 3807 testatur
1173 3748 1270 3809 Cicero
1304 3750 1338 3806 in

300 3842 354 3940 ⁴2
373 3902 466 3962 Ans·
483 3906 549 3962 arm
566 3902 629 3978 sm
656 3906 793 3981 cccccx]
832 3826 1021 3983 iiiiii
1039 3830 1341 3979 hiltibolt&

301 3982 390 4061 vulg.
409 4004 519 4044 ccccx.
540 3996 571 4043 at
589 3986 676 4044 dubio
695 3988 793 4065 procul
842 3990 885 4047 M.
911 3988 1040 4047 Tuditano
1068 3988 1214 4068 coasrdibro,
1240 3988 1340 4067 doerit,

300 4064 405 4123 excidit
439 4086 571 4125 numerus
608 4070 792 4127 centenarius.
841 4069 977 4148 annoipso,
991 4084 1127 4149 antequam
1141 4058 1338 4147 notruqstlia·

300 4145 430 4203 Testatur
447 4148 560 4223 quidem
573 4148 690 4206 Ursinus
702 4150 732 4206 in
745 4150 794 4207 suo
842 4150 919 4220 niasq
936 4150 992 4229 post
1011 4151 1118 4210 Romam
1138 4148 1265 4209 andrum
1287 4168 1340 4209 ow

299 4224 366 4289 MS.
392 4224 449 4307 legi
471 4242 572 4287 tom.
594 4230 796 4308 liberiumque
844 4243 893 4288 tem
914 4228 1111 4309 quarto-decim
1123 4242 1149 4290 et
1168 4230 1341 4311 quingemefi‘

1276 4331 1338 4384 ΜΞ
