2817 4859
324 366 362 445 76
524 358 714 423 TUSCUL.
738 358 1123 425 DISPUTATIONUM

322 522 377 597 bis
394 520 551 620 expedit,
568 523 630 621 qui
650 537 686 593 et
712 518 913 593 domesticis
938 539 974 592 et
999 515 1190 592 forenfibus
1216 515 1355 591 solatiis

322 620 604 719 ornamentisque
638 617 767 719 privati
797 636 892 691 certe
918 618 947 689 fi
975 637 1054 690 ante
1083 614 1352 705 occiditsemus,

322 745 416 795 mors
435 745 496 793 nos
513 745 533 791 a
550 719 649 793 malis
667 743 739 791 non
755 742 776 789 a
791 716 895 791 bonis
912 715 1159 789 abstraxisset?

371 816 533 891 XXXV.
561 820 613 891 Sit
633 816 742 917 igitur
758 813 899 913 aliquis,
915 814 979 912 qui
996 814 1087 889 nihil
1104 816 1187 888 mali
1204 812 1350 905 habeat,

321 918 461 991 nullum
486 943 506 989 a
531 916 674 989 fortuna
694 917 824 987 vulnus
849 912 1036 1013 acceperit.
1086 912 1262 987 Metellus
1289 910 1351 985 ille

320 1014 528 1089 Phonoratis
557 1034 710 1113 quatuor
735 1012 832 1086 filiis.
882 1014 934 1087 At
962 1012 1222 1111 quinquaginta
1249 1008 1348 1083 Pria·

321 1140 412 1201 mus,
439 1126 486 1186 ‘le
505 1114 635 1211 quibus
653 1110 905 1212 septemdecim
924 1112 1018 1207 justa
1033 1136 1144 1184 uxore
1167 1109 1255 1183 nati.
1308 1109 1349 1182 In

319 1232 473 1311 utroque
503 1214 652 1285 eandem
678 1210 804 1285 habuit
834 1210 974 1283 fortuna
999 1210 1235 1307 potestatem
1266 1210 1347 1283 ¹sed

319 1311 433 1383 ulain
456 1312 565 1383 altero
590 1312 654 1385 est.
706 1310 925 1385 ⁵Metellum
949 1308 1045 1379 enim
1067 1307 1184 1397 multi,
1202 1307 1283 1398 filii,
1304 1308 1346 1381 fi-

320 1409 392 1498 ttae,
416 1429 573 1507 nepotes,
592 1426 727 1507 neptes,
744 1408 782 1480 in
806 1432 933 1505 rogum
957 1406 1220 1504 imposuerunt:
1248 1406 1345 1480 Pria-

320 1532 421 1579 mum
438 1526 534 1580 tanta
550 1506 717 1607 progenie
734 1508 911 1591 orbatum,
928 1532 1012 1579 cum
1038 1503 1074 1575 iu
1099 1531 1195 1577 aram
1216 1506 1345 1579 confu-

321 1606 437 1704 gisset,
456 1606 590 1681 hostilis
614 1630 740 1679 nunus
762 1602 951 1680 interemit.
1002 1603 1075 1677 Hic
1094 1603 1121 1676 st
1140 1602 1231 1677 vivis
1249 1604 1343 1693 filiis,

360 1856 373 1895 t
395 1846 546 1924 Honoratir]
576 1850 681 1925 Vulgo,
701 1848 807 1907 bonora-
854 1848 965 1905 Hecub.
993 1844 1031 1904 vs.
1055 1865 1123 1923 419.
1152 1855 1180 1904 et
1201 1846 1344 1913 Tzetzenr‚

318 1945 369 1986 tur.
411 1929 472 1986 Nec
492 1929 571 1987 aliter
589 1930 720 1986 exhibent
733 1928 809 1986 codi-
856 1928 933 1987 Chil.
948 1928 996 1983 vii.
1013 1946 1083 1999 344.
1127 1927 1283 1984 Fatendum
1302 1940 1341 1983 ta·

318 2029 371 2065 ces.
408 2012 449 2065 At
461 2012 511 2065 hoc
523 2008 556 2065 de
570 2010 678 2066 Metelli
688 2008 753 2065 filiis
766 2009 808 2067 di·
858 2028 921 2064 men
943 2008 1023 2064 inter·
1033 2010 1157 2065 nudiores
1175 2010 1209 2065 de
1229 2026 1343 2065 numero

318 2091 344 2146 ci
361 2089 486 2145 videtur:
510 2102 677 2165 quapropter
697 2086 809 2169 διάρθω·
858 2086 979 2145 filiorum
994 2107 1050 2145 non
1064 2087 1218 2145 convenire.
1252 2088 1342 2145 Theo·

320 2190 362 2225 rrr
386 2169 574 2225 Bentleianam
605 2170 722 2245 recipere
753 2188 809 2224 non
858 2169 954 2234 tritus,
969 2168 1051 2245 tdytl.
1065 2187 1116 2224 xv.
1134 2186 1198 2242 139.

318 2250 378 2307 sum
395 2250 505 2307 veritus.
530 2249 636 2317 Cicero,
648 2250 708 2306 Fin.
722 2268 749 2305 v.
760 2248 818 2324 27(
898 2242 1081 2323 Oil‘Enrwp
1091 2240 1213 2313 Ἐκάξας
1226 2247 1238 2304 d
1249 2244 1340 2329 yefai·

324 2330 357 2407 Q.
372 2328 494 2389 Metellus
508 2328 634 2401 trrsfilior
646 2328 751 2406 corfirlcs
763 2330 809 2387 vi·
936 2347 1012 2406 τερος
1026 2332 1155 2384 ΕΙΚΛΤῙ
1170 2324 1291 2387 παίδων.

318 2410 367 2477 dit,
380 2429 393 2467 c
405 2409 496 2487 quihus
510 2430 587 2467 unum
598 2412 676 2467 etiarn
690 2424 715 2467 et
728 2408 808 2487 censo·
856 2408 915 2466 Ubi
929 2409 990 2467 vide
1003 2408 1180 2466 Scholiasten.
1201 2411 1244 2465 At
1256 2409 1339 2487 Apol·

317 2510 369 2549 rrm
378 2500 402 2546 ct
413 2489 616 2567 triumphantem,
626 2500 746 2567 quartum
756 2510 806 2545 αα·
855 2487 976 2559 lodorus,
989 2489 1061 2547 Bibl.
1076 2488 1125 2545 lib.
1136 2488 1177 2545 iii.
1191 2508 1255 2566 cap.
1267 2490 1303 2547 xi.
1315 2495 1338 2565 ς.

318 2583 367 2626 tem
389 2579 531 2645 pratorm.
577 2570 636 2627 Adi
661 2572 693 2626 fis
719 2571 806 2627 etiam
855 2582 884 2645 5.
909 2570 1118 2645 quatuordecim
1145 2581 1260 2629 tautum
1287 2592 1338 2630 me·

316 2648 456 2705 Velleium
478 2648 663 2717 Paterculurn,
682 2648 731 2706 lib.
745 2650 765 2705 i.
780 2671 806 2707 c.
855 2661 955 2706 morat.

316 2729 356 2787 zi.
370 2728 398 2787 6.
439 2727 583 2785 Valerium
598 2729 772 2797 Maximum,
786 2730 806 2788 l.
893 2738 903 2765 ¹
925 2732 977 2787 Sed
997 2730 1044 2788 usa
1064 2733 1092 2787 in
1111 2730 1253 2806 alteroest]
1275 2732 1338 2789 Patt.

249 2832 255 2841 ·
317 2809 366 2865 vii.
385 2827 409 2865 c.
428 2828 452 2865 1.
470 2826 496 2865 1.
515 2818 543 2867 et
556 2808 688 2875 Plinium,
709 2810 749 2867 H.
764 2810 805 2867 N.
854 2817 908 2866 tres
909 2811 1019 2888 seclusa,
1036 2832 1121 2887 quam
1136 2810 1284 2869 ledtionem
1296 2832 1338 2869 ve·

315 2889 365 2947 lib.
381 2889 429 2945 vii.
448 2894 473 2961 ξ.
487 2908 507 2961 4
509 2901 536 2964 5.
562 2888 605 2945 De
618 2888 744 2946 honoratis
758 2892 805 2947 be·
854 2890 925 2948 ritus
934 2891 972 2947 est
982 2893 1011 2948 in
1020 2903 1116 2949 textum
1127 2892 1247 2968 recipere
1257 2894 1339 2969 Jauus

314 2988 350 3027 ue
362 2970 450 3026 multa
464 2970 569 3027 notavit
581 2970 670 3027 Henr.
681 2970 805 3027 Valefiue
853 2968 1026 3031 Gebhardus.
1049 2972 1086 3029 Et
1101 2972 1200 3029 merito
1213 2974 1336 3047 quideme

315 3052 351 3105 ad
379 3054 478 3105 Amm.
506 3048 664 3107 Marcellini
687 3052 744 3107 xiv.
775 3067 804 3127 5.
854 3068 921 3107 nam
935 3052 1015 3127 plane
1028 3052 1066 3109 est
1081 3052 1184 3128 inepta,
1197 3053 1262 3109 licet
1281 3072 1335 3110 eam

315 3125 417 3204 'quibus
438 3130 506 3185 adde
527 3130 668 3199 Tacitum,
689 3131 764 3189 Hist
784 3131 804 3189 i.
854 3150 965 3207 quoque
979 3131 1171 3208 repraesentent
1185 3133 1289 3190 Ellens.
1299 3153 1336 3209 pr.

317 3222 332 3285 7
338 3222 363 3283 7.
853 3218 916 3269 tert.
931 3212 1039 3269 Balliol.
1061 3213 1132 3270 Balt.
1152 3224 1181 3270 et
1194 3212 1338 3270 Petrenta

355 3297 368 3336 ι1
389 3290 415 3345 Ε
437 3287 529 3366 quibus
544 3289 718 3367 septemdtcirrr
731 3290 805 3365 jrfia
853 3291 945 3367 prima
959 3312 1053 3349 manu.
1094 3294 1124 3349 Si
1138 3294 1214 3350 enim
1229 3292 1336 3350 fortuna

314 3388 391 3425 uxore
404 3370 476 3443 nati]
494 3371 538 3426 Sic
554 3370 624 3427 rene
634 3372 704 3429 Ven.
718 3389 803 3446 1491.
853 3370 883 3427 in
904 3372 989 3429 altero
989 3371 1088 3449 seclusa
1100 3373 1148 3441 est,
1159 3372 1220 3429 lieri
1234 3372 1336 3449 nequit,

314 3459 341 3505 et
355 3449 462 3506 Erasini
476 3450 654 3519 Frobeniana,
663 3471 714 3509 nec
724 3452 804 3509 aliter
851 3462 885 3507 ut
905 3452 934 3508 in
955 3462 1072 3528 utroque
1085 3454 1201 3510 eandem
1215 3454 1336 3513 habuerit

313 3528 400 3585 edidit
414 3530 577 3589 Lambinus.
599 3532 702 3607 Vulgo,
712 3531 803 3609 quibus
851 3532 1023 3608 potestatem.

304 3610 401 3687 septem
421 3623 445 3665 et
466 3609 738 3680 elram—natis,
770 3631 802 3669 ac
891 3613 1055 3670 ’Metellum
1078 3615 1143 3671 enim
1163 3614 1249 3681 multi,
1267 3609 1332 3686 fili]

314 3690 354 3747 ita
368 3688 422 3747 fere
436 3690 518 3747 MSS.
533 3688 577 3747 sed
590 3711 699 3767 parum,
714 3704 747 3748 ut
760 3692 802 3748 vi·
851 3690 946 3768 Hujus
972 3693 1134 3751 felicitatem
1168 3714 1334 3753 commemo·

313 3772 402 3835 detur,
419 3770 573 3827 commode.
610 3772 690 3828 Porro
703 3770 804 3828 Noster
851 3774 1061 3830 rantNosserde
1075 3776 1137 3831 Fin.
1152 3774 1202 3831 lib.
1214 3796 1242 3830 v.
1256 3795 1282 3832 c.
1293 3790 1334 3849 27·

316 3850 449 3907 memoria
473 3848 563 3923 lapsus
586 3850 632 3915 est,
655 3851 705 3908 nist
732 3850 802 3908 forte
849 3852 977 3911 Valerius
990 3855 1146 3919 Maximus,
1158 3856 1206 3912 lib.
1219 3855 1332 3911 viler.

315 3928 433 3989 librariis
456 3930 585 3987 debeatur
613 3949 702 4001 error5
734 3950 802 3988 uam
851 3932 964 4007 aliique.
995 3935 1068 3991 Vide
1080 3936 1153 4012 G.J.
1170 3937 1201 3993 F.
1215 3934 1332 3993 Votlruut
1393 3943 1394 3946 ’

315 4006 431 4065 Hecuba
447 4010 555 4068 Priamo
570 4009 627 4067 xix.
643 4010 740 4067 liberos
754 4031 802 4086 pe·
850 4011 885 4068 ad
898 4014 999 4073 Velleii
1017 4016 1153 4075 Paterculi
1172 4016 1222 4075 lib.
1238 4014 1257 4075 i.
1278 4034 1332 4093 cap.

316 4088 396 4163 perit.
437 4089 508 4146 Vide
526 4090 694 4157 Homerum,
709 4092 745 4146 ll.
759 4086 799 4147 ω’.
853 4110 900 4151 11.

316 4168 385 4245 496.
424 4167 587 4229 Scholiasteu
603 4171 638 4229 ad
658 4170 803 4249 Euripidis
