2817 4859
285 393 346 452 An
364 391 539 451 TUSCUL.
558 388 889 451 DlsPUTATIONES.
1054 410 1109 469 431

74 570 182 652 aliquid
192 572 333 631 Oratoriae
345 572 422 630 laudi
436 573 520 648 nostra
531 570 664 631 attulimus
677 570 814 648 indrfiria.
844 571 890 629 Sic
904 568 983 642 alibi,
994 570 1051 628 laus
1064 570 1114 627 hu·

70 672 225 751 peratoria3
246 681 279 728 ut
293 670 333 728 ibi
346 671 516 729 notavimus.

118 770 191 847 Cap.
207 768 249 827 iii.
273 768 451 845 Quamobrem,
463 769 594 847 quoniam,
606 766 815 849 quemadmodum
829 766 927 837 dicunt,
941 769 988 847 ipst
1006 790 1054 828 non
1074 769 1116 827 la·

77 864 191 931 hornum
212 887 259 924 cur
271 865 441 943 logmdifint,
456 867 504 943 nis
515 868 562 947 ipſs
573 866 674 943 intense
685 866 731 944 qui
744 865 808 924 idam
819 864 946 943 sentirent,
959 886 1007 923 noa
1020 866 1115 924 irrtrlli-

72 964 136 1041 ga]
158 961 269 1021 Vitiosa
282 974 310 1020 et
324 963 424 1021 soloeca
437 966 547 1035 oratio;
569 974 602 1021 ut
616 974 644 1021 et
657 972 689 1021 tu
703 962 776 1021 redte
792 961 973 1021 subodoratus
988 984 1025 1021 es.
1064 965 1116 1021 Di-

76 1060 202 1119 oendum
225 1059 423 1131 miminerit,
458 1061 514 1119 Cur
532 1060 632 1138 legendi
642 1062 711 1137 fiat,
730 1062 778 1137 nsi
795 1060 919 1119 INTER
941 1060 1051 1127 SUOS,
1075 1062 1118 1137 qui

77 1157 281 1234 idemseatiunt,
294 1168 326 1215 ut
339 1158 420 1235 supra
439 1176 463 1227 1,
481 1176 508 1216 2.
542 1160 636 1237 Itaque
646 1157 711 1234 suos
724 1157 801 1215 libros
815 1158 862 1235 ipſs
880 1158 968 1235 lugunt
980 1178 1037 1217 arm
1048 1158 1118 1235 fitis,

77 1255 172 1313 ethic
190 1254 282 1313 infra:
306 1254 445 1333 Epicurum
459 1274 508 1311 non
516 1252 579 1329 sere
587 1267 685 1332 praetor
694 1252 758 1331 suos
773 1253 906 1332 qusquam
924 1254 950 1311 in
964 1274 1055 1313 manus
1065 1253 1119 1331 str-

79 1350 141 1408 mr't.
171 1352 213 1409 At
227 1352 293 1409 MS.
308 1361 373 1408 tuus
386 1371 438 1429 pro
450 1352 497 1429 nis
509 1352 622 1409 exhibet
634 1348 744 1427 legant:
765 1350 839 1407 unde
853 1361 883 1407 tu
899 1350 933 1407 fic
948 1351 1040 1408 locum
1052 1369 1119 1409 cou-

81 1448 195 1505 stituit:
220 1430 386 1526 Cur'lcgandi
394 1449 452 1527 fint
468 1448 571 1525 (legant
588 1447 636 1525 ips
652 1446 719 1505 inter
728 1447 772 1525 se,
787 1448 832 1525 qui
852 1445 917 1505 idom
925 1446 1056 1525 sentiant)
1072 1468 1120 1507 non

80 1544 207 1623 intelligo.
248 1546 346 1624 Atque
359 1548 413 1603 hoc
425 1546 540 1623 quidem
551 1544 636 1625 padio
648 1543 817 1607 soloecismus
833 1546 905 1604 redle
923 1547 1053 1612 sanatum
1076 1547 1121 1607 sed

81 1644 175 1701 oratio
204 1643 299 1701 durior
322 1644 356 1701 fu
386 1654 415 1702 et
440 1642 571 1712 coahiior,
600 1663 691 1722 neque
718 1645 862 1705 Ciceronis
890 1646 1011 1705 indolem
1039 1646 1121 1723 sapit.

83 1742 283 1799 Quamobrem
303 1761 338 1798 ex
359 1750 410 1799 tuo
429 1739 521 1799 oodire
541 1741 736 1800 mutuabimur
754 1736 785 1801 ri
801 1742 900 1819 legant,
917 1762 950 1799 ex
971 1745 1076 1803 caeteris
1089 1738 1122 1804 rh

82 1837 145 1917 nist,
157 1848 185 1895 et
197 1840 233 1896 fic
245 1840 362 1897 demum
378 1838 573 1897 rescribemus:
599 1838 654 1899 Cur
666 1836 836 1919 legendifint,
855 1839 905 1896 nisi
918 1838 1012 1917 legant
1024 1843 1069 1919 ipſs
1082 1844 1124 1900 in·

85 1948 127 1993 ter
138 1935 171 2012 sc
191 1936 236 2015 qui
258 1933 325 1993 idom
333 1936 462 2014 sentient,
474 1957 524 1995 noa
543 1934 667 2015 intelhgo.
705 1936 804 2015 Atque
825 1938 884 1997 haec
903 1938 988 1997 unica
1008 1950 1036 1997 et
1060 1960 1125 2001 vera

85 2031 183 2093 leuto.
944 2024 950 2033 ¹

127 2135 204 2213 Cap.
219 2133 259 2193 it.
282 2133 365 2210 ¹Quod
380 2134 447 2194 mim
465 2134 501 2211 est
518 2132 602 2209 majus
621 2148 803 2213 argumentum
823 2132 890 2193 nihil
906 2134 1025 2217 prodejsh,
1047 2158 1125 2217 qaam

84 2231 211 2312 quosdam
230 2232 365 2310 pusello·
379 2230 533 2313 philosophos
557 2231 666 2312 turpiter
682 2231 801 2309 vivoru]
821 2234 985 2293 Gebhardus
1010 2256 1043 2293 er
1068 2228 1134 2294 uno'

84 2330 184 2387 codice
206 2329 304 2389 laudat
326 2331 470 2410 Prosaffor:
499 2346 586 2407 quam
608 2328 758 2388 lediionem
781 2328 936 2405 vorrffinmm
957 2332 1053 2391 omnim
1076 2331 1127 2390 esl‘e

87 2428 268 2506 pronuntiat.
309 2429 417 2487 Verum
442 2427 490 2486 ille
511 2446 656 2506 perperam
681 2428 797 2505 quidem
819 2428 946 2488 omnino.
989 2430 1127 2498 Primum,
1199 2486 1203 2496 ,

89 2522 153 2600 ipsa
165 2522 254 2583 dietio
265 2524 304 2583 est
317 2523 426 2583 vitiosa.
466 2525 547 2583 Nam
557 2526 594 2583 src
610 2524 711 2603 utique
723 2524 832 2584 dixisset
845 2525 952 2597 Cicero,
967 2528 1129 2607 Prqsoffosse

85 2619 254 2700 philosophos,
267 2623 311 2681 vel
325 2623 448 2702 Praisos
456 2622 647 2704 philosophiam.
680 2625 801 2697 Deinde,
815 2635 842 2684 et
855 2626 991 2686 sententia
1004 2629 1128 2687 vacillat.

92 2720 193 2789 Quod,
206 2720 257 2788 ait,
271 2718 364 2797 majus
382 2734 593 2799 argumentum,
608 2742 695 2800 quam
712 2724 828 2805 prpsefflu
842 2722 996 2803 philosophos
1010 2724 1130 2802 turpiter

90 2813 215 2877 viuere?
256 2818 371 2877 Quaeris
391 2817 485 2896 majus
504 2824 726 2896 argumentum?
755 2824 809 2881 hoc
822 2819 913 2899 ipsum
929 2820 1019 2895 majus
1033 2820 1129 2888 erit,si

90 2919 182 2977 etiam
191 2920 299 2999 peschi
306 2917 446 2997 philosophi
456 2919 576 2997 turpiter
589 2919 697 2977 vivant.
737 2918 827 2977 Multi
840 2919 917 2976 enirn
932 2918 1022 2977 stolidi
1041 2930 1069 2974 et
1085 2917 1129 2974 in-

91 3017 183 3084 dotti,
197 3018 348 3075 nebulones
359 3025 388 3073 et
408 3013 517 3083 scnrrm,
531 3013 698 3093 profitentur
709 3014 735 3073 se
749 3014 939 3093 Philosophus,
951 3033 1072 3091 quorum
1087 3014 1131 3071 vi·

91 3126 126 3173 ta
151 3114 306 3192 turpilium
324 3112 531 3191 Philosophiam
548 3112 642 3189 ipsam
664 3110 738 3170 baud
758 3111 800 3171 ita
811 3111 936 3169 multum
950 3110 1129 3170 dehonestat:

93 3228 127 3273 at
147 3214 167 3271 u
184 3212 371 3273 consummati
388 3222 417 3271 et
434 3212 563 3290 primarii
584 3209 743 3288 Philosophi
763 3210 865 3269 vivunt
884 3210 1012 3290 turpiter,
1031 3228 1064 3277 ea
1083 3208 1133 3268 de·

94 3330 182 3373 mum
203 3312 288 3388 iptiuu
316 3309 501 3388 Philosophia
522 3308 562 3367 est
581 3308 709 3367 infamia.
751 3306 835 3367 Reste
858 3325 925 3383 ergo
951 3304 1132 3363 retinebimus

94 3412 148 3469 hic
163 3409 288 3486 persar-‘los
303 3406 465 3486 philosophos.
506 3406 608 3467 Nolier
622 3405 652 3463 ii.
667 3406 701 3463 de
722 3404 905 3467 Divinatione
925 3421 1012 3479 prope
1032 3419 1049 3457 a
1067 3398 1133 3457 fine.

95 3506 163 3585 Nfi
170 3506 327 3584 somniorum
336 3506 507 3585 patrocinium
522 3501 657 3583 philosophi
665 3500 844 3581 susorpiffent:
863 3518 907 3559 nro
927 3500 946 3557 ii
965 3497 1064 3578 quidam
1077 3516 1137 3553 con-

93 3602 245 3678 temtifflnri,
256 3601 310 3680 sad
320 3603 348 3659 in
362 3603 455 3682 primis
466 3600 547 3666 acuti,
560 3614 586 3658 et
596 3598 766 3679 consequentia
778 3613 802 3657 er
815 3595 985 3677 repugnantia
998 3592 1133 3661 videntem

95 3701 147 3779 qui
162 3716 240 3779 prope
249 3701 313 3772 jam
327 3716 482 3759 aurorum
498 3706 523 3754 et
535 3714 687 3755 rennncrr
704 3706 842 3773 potonem.
883 3692 969 3751 Vides
984 3689 1058 3766 jam,
1073 3687 1136 3765 opi-

99 3818 166 3869 nor,
181 3797 250 3874 quid
263 3796 361 3855 audior
374 3797 420 3855 hic
433 3795 510 3852 velit.
551 3793 630 3851 Nam
651 3801 684 3849 ut
705 3792 749 3849 hir
767 3784 1077 3870 perfertis.phitosophis
1090 3782 1136 3841 su·
1163 3862 1167 3869 Ι

99 3895 294 3976 perstitionem
307 3892 413 3970 objicit,
427 3894 467 3951 ita
481 3892 537 3949 illio
549 3891 638 3950 vitam
652 3900 764 3969 turpem
776 3902 804 3949 et
818 3887 995 3966 flagitiosam.

144 3994 220 4072 Cap.
235 4012 263 4051 ν.
285 3992 359 4051 Nam
375 4004 405 4049 ut
416 3991 478 4068 agri
490 4010 539 4048 non
554 4009 635 4050 omnes
643 3988 856 4067 fmgrfimsunt,
869 3986 913 4065 qui
927 3983 1043 4043 coluntur
1053 4005 1062 4053 ς
1074 3980 1138 4057 sol·

92 4092 209 4172 sumque
221 4087 291 4151 illud
302 4108 335 4151 ac
346 4086 465 4167 inprobe,

229 4204 288 4282 Etfi
300 4204 326 4262 in
332 4202 513 4281 sgnumsunt
526 4200 667 4261 humorem
680 4199 753 4259 data
791 4257 795 4265 ,
