2817 4859
286 352 331 437 64
499 355 691 417 TUSCUL.
716 349 1103 415 DISPUTATIONUM

288 512 454 614 quaefivit
470 516 515 590 ad
530 512 710 610 judicium
726 512 865 609 capitis,
881 536 948 585 nec
968 508 1152 607 judicibus
1169 509 1329 608 supplex

289 616 384 698 suit;
410 612 645 709 adhibuitque
668 610 818 688 liberam
841 607 1154 700 contumaciam,a
1177 612 1329 707 magni-

288 712 412 788 tudine
437 710 548 785 animi
571 712 721 785 dudtam
743 734 818 783 uon
842 737 864 782 a
888 707 1135 806 superbia;.et
1153 708 1327 806 supremo

287 811 374 885 vitae
390 810 448 885 die
466 812 509 885 de
525 811 597 885 hoe
616 810 692 921 ipso
709 810 822 883 multa
837 807 1017 891 differuit3
1045 827 1080 879 et
1097 810 1219 905 paucis
1237 826 1327 882 ante

288 908 428 997 diebus,
444 923 461 957 ¹²
475 934 560 984 cum
575 908 679 983 sacrle
695 907 811 1005 posset
830 906 933 981 educi
953 933 973 977 e
989 905 1161 996 custodia,
1177 907 1327 990 noluit;

289 1027 328 1088 et
344 1034 431 1083 cum
446 1034 549 1106 paene
566 1006 604 1081 iu
620 1032 731 1081 manu
744 1032 820 1103 Jam
834 1004 1060 1081 mortiferum
1076 1003 1167 1078 illud
1183 1023 1329 1081 teneret

287 1109 477 1213 poculum,
493 1108 636 1181 locutus
653 1106 702 1179 ita
719 1108 783 1195 est,
800 1122 842 1179 ut
867 1130 939 1193 nou
963 1106 1011 1177 ad
1032 1123 1186 1179 mortem
1207 1104 1327 1195 trudi,

289 1232 416 1283 verum
434 1205 470 1279 in
489 1208 619 1279 caelum
636 1204 816 1279 videretur
829 1205 1028 1278 ascendere.

338 1304 469 1381 XXX.
495 1302 550 1377 Ita
565 1302 661 1379 euim
677 1304 855 1388 censebat,
871 1302 991 1399 itaque
1007 1301 1187 1377 disseruitz
1204 1314 1223 1349 ¹
1233 1304 1326 1377 duas

289 1405 361 1478 esse
384 1402 470 1491 vias,
497 1402 728 1503 duplicesque
753 1403 876 1477 cursus
899 1400 1101 1475 animorum
1124 1427 1143 1473 e
1169 1424 1325 1500 corpore

289 1501 554 1585 excedentium.
603 1502 703 1577 Nam
728 1502 792 1599 qui
816 1497 1168 1575 ferhumanisvitiis
1193 1520 1326 1573 couta-

287 1600 528 1692 miuavisseut,
542 1619 578 1675 et
594 1600 628 1675 se
644 1619 739 1675 totos
752 1598 966 1683 libidinibus
982 1597 1326 1696 dedissent„quibus

288 1700 429 1791 caecati,
446 1702 529 1777 zvel
554 1698 758 1775 domesticis
781 1697 878 1773 vitiis
900 1718 1008 1795 atque
1026 1694 1174 1794 flagitiis
1199 1698 1233 1769 se
1262 1696 1325 1771 iu-

289 1798 542 1899 quinaviffent,
566 1802 624 1871 vel
649 1796 833 1897 republica
859 1797 1025 1874 violanda
1051 1796 1192 1871 fraudes
1214 1794 1326 1870 inex·

287 1898 437 1997 piabiles
454 1897 709 1997 concepissent,
722 1896 778 1973 his
794 1895 941 1972 devium
956 1896 1142 1992 quoddam
1156 1895 1223 1969 iter
1236 1896 1324 1986 effe,

287 1998 465 2071 seclusum
481 2022 502 2069 a
519 1994 675 2069 concilio
689 1998 852 2073 Deorum
866 2024 877 2070 ε
893 1992 960 2091 qui
975 2012 1095 2069 autem
1111 1993 1146 2067 se
1162 1992 1327 2093 integros

288 2095 474 2192 castosque
513 2094 752 2184 servavissent,
785 2094 986 2192 quibusque
1017 2092 1139 2167 fuisset
1168 2093 1324 2169 minima

289 2216 377 2269 cum
407 2192 617 2292 corporibus
642 2192 823 2293 contagio,
855 2192 997 2290 seseque
1030 2193 1076 2265 ab
1102 2189 1159 2265 his
1183 2192 1326 2292 semper

287 2410 381 2487 Lyfias
393 2430 434 2469 rao
445 2411 619 2491 composuerat.
646 2412 681 2471 Id
693 2410 780 2471 latina
827 2412 932 2488 quibua
941 2407 1056 2468 obnoxii
1068 2407 1172 2477 sumus,
1181 2410 1325 2486 quamdiu

287 2501 382 2551 narrat
395 2492 445 2551 lib.
458 2493 496 2549 xi.
511 2512 572 2569 cap.
591 2510 615 2549 1.
827 2492 988 2586 corporibus
1000 2490 1181 2549 includimur.
1212 2490 1258 2548 Sic
1271 2488 1325 2549 aiv·

328 2580 343 2607 '²
366 2571 522 2645 eumfacit
530 2572 606 2647 pafflt
618 2570 691 2629 educi
703 2570 781 2649 ccas-
828 2573 954 2649 θρααανα
973 2566 1144 2650 πταίσματα
1165 2570 1241 2629 dixit
1263 2572 1325 2630 AE·

286 2646 368 2718 todia,
382 2648 476 2724 noluit]
500 2650 613 2711 Quibus
626 2650 781 2711 rationibau
828 2670 893 2709 rreaa
912 2652 1022 2709 Gazara
1042 2650 1072 2708 iu
1084 2650 1194 2728 Tbeop.
1208 2671 1238 2729 p.
1248 2651 1323 2723 380.

288 2738 383 2787 motus
403 2730 558 2789 amicorum
578 2750 661 2805 opera
675 2729 781 2791 recusa-
828 2731 869 2789 D.
881 2732 926 2789 cd.
940 2733 1001 2790 Par.
1018 2724 1181 2809 ἀνθρώπινα
1199 2750 1322 2809 anapau-

287 2810 369 2876 verit,
381 2808 490 2869 docebit
505 2810 626 2869 Plutonia
646 2809 736 2878 Crito,
749 2830 780 2886 p.
827 2807 952 2892 τῶματα
964 2811 1105 2877 Clemens,
1124 2811 1279 2869 Hortarii.
1294 2833 1323 2871 c.

287 2906 359 2963 370.
376 2888 454 2967 seqq.
472 2892 515 2949 ed.
536 2891 629 2969 Lugd.
666 2891 726 2951 Adi
746 2893 780 2951 fia
830 2885 1323 2971 Juvepdmadpaprlpamofi-
1404 2919 1405 2922 ¹

286 2970 374 3029 etiam
388 2970 537 3048 Originem
552 2971 582 3028 in
596 2968 668 3031 Cels.
682 2970 733 3031 lib.
748 2972 781 3031 ii.
827 2974 907 3049 giuea
916 2970 976 3050 περὶ
985 2968 1085 3049 rixis,
1094 2977 1122 3043 t.
1135 2988 1184 3045 23.
1202 2972 1323 3048 Augus·

287 3052 662 3204 c.-
827 3052 1009 3191 u...
1022 3130 1309 3207 .

327 3216 342 3247 ¹
363 3212 441 3269 Dum
454 3152 583 3290 effiziias]
605 3212 677 3271 Vide
687 3212 780 3271 Plato·
826 3212 874 3271 dor
888 3212 1043 3281 matam,
1056 3232 1104 3288 quo
1124 3215 1252 3270 humana
1268 3148 1324 3271 da·

286 3290 331 3349 nia
354 3290 531 3363 Phaedonem,
554 3310 619 3368 pag.
633 3293 672 3365 38
674 3308 703 3369 5.
723 3291 779 3368 seq.
827 3294 899 3370 gitia
910 3313 960 3350 non
971 3290 1047 3351 libere
1059 3289 1167 3349 lomim
1183 3294 1325 3353 munau-

285 3380 316 3429 αἱ
338 3370 407 3447 398.
435 3370 510 3449 seqq.
533 3373 576 3431 ed.
601 3372 693 3449 Lugd.
736 3374 780 3433 Ea
826 3369 1325 3453 rent,quaeapudDaosetiamrellgirfi

287 3452 384 3509 laudat
409 3452 545 3521 Stobaeus,
574 3453 674 3529 Eclog.
697 3452 778 3527 Phys.
825 3452 954 3530 discerent.
976 3453 1239 3528 ldem,Epist.xix.
1253 3473 1323 3531 pag.

287 3550 373 3607 pagg.
390 3546 555 3609 135-141.
569 3534 712 3591 edAutv.
733 3534 779 3592 De
828 3552 877 3611 ²9·
899 3534 985 3592 Facile
996 3531 1266 3591 abominatum
1278 3538 1323 3592 vi.

284 3613 393 3671 duabus
412 3624 506 3671 autem
526 3614 579 3671 viis
600 3615 690 3673 multa
706 3614 779 3673 Lac·
827 3616 869 3672 tia
884 3612 1021 3693 suspicari.
1061 3614 1134 3671 Vide
1159 3624 1188 3670 et
1213 3616 1324 3673 Teren·

285 3695 403 3761 lautius,
415 3692 482 3751 Diu.
497 3694 564 3753 lust.
578 3694 628 3753 lib.
641 3696 679 3752 να
692 3714 777 3771 capp.
825 3696 911 3762 tium,
928 3694 1051 3769 Adelph.
1075 3692 1144 3751 Aet.
1156 3694 1211 3751 lv.
1231 3696 1278 3753 Se.
1293 3715 1322 3753 v.

285 3791 315 3846 3,
329 3790 359 3847 4.
373 3782 402 3831 et
419 3774 495 3851 Epit.
516 3792 579 3851 cap.
594 3788 643 3851 59.
684 3776 778 3833 Adeas
828 3787 876 3851 53.
897 3794 932 3833 ae
954 3777 1086 3835 Senecam
1108 3774 1145 3831 de
1167 3776 1322 3853 Tranquil.

255 3876 260 3885 ·
286 3854 371 3911 etiam
400 3852 586 3924 clementina,
611 3857 700 3913 Hom.
727 3856 778 3913 vii.
826 3876 889 3931 cap.
907 3868 952 3932 ¹5·

287 3948 349 4059 0²5}-
363 3946 491 4072 isumaaris
510 4012 599 4086 vitiis]
626 4006 679 4089 Ἐξ
699 4014 779 4073 drav-
826 3934 1324 4075 vdutlelsqqmffiffifflptq

154 4110 157 4117 ¹
286 4084 349 4156 elas
366 4089 480 4151 humana
502 4096 573 4153 uitia
598 4095 778 4172 Deorumque
827 4098 986 4167 Bentleitun
995 4097 1060 4177 jure
1072 4097 1226 4176 sequimur.

285 4171 375 4231 vitam
396 4174 487 4253 pouit.
526 4176 597 4236 Vult
620 4187 714 4235 autem
736 4196 780 4246 ea,
