2817 4859
438 319 588 381 LIBER
617 320 829 381 PRIMUS.
1114 336 1151 401 71

114 478 220 575 quod
237 491 315 551 tota
332 475 369 550 in
387 477 453 572 hac
470 479 572 553 causa
587 478 843 553 difficillimum
867 478 931 569 est,
950 477 1153 578 suscipiant,

114 576 219 675 polle
237 576 401 649 animum
419 602 558 651 manere
580 602 729 695 corpore
745 596 953 652 vacanteme
981 578 1070 652 illud
1087 604 1153 653 au·

116 691 205 764 tem,
227 676 331 772 quod
355 700 429 749 non
455 679 565 751 modo
581 677 685 749 facile
701 678 748 749 ad
764 678 982 751 credendum
998 678 1061 769 est,
1079 679 1152 769 sed,

117 796 160 847 eo
177 775 350 849 concello
371 778 471 873 quod
487 778 627 862 volunt,
646 775 866 875 consequens
886 776 1061 863 '‘idcirco,
1078 802 1154 851 oon

118 873 207 945 dant
239 890 297 959 ut,
322 898 409 947 cum
440 875 502 947 diu
529 875 770 973 permanserit,
798 900 844 948 ne
877 873 1037 947 intereat.
1090 877 1151 950 M.

121 970 215 1045 Beue
234 972 463 1071 reprehendis
478 990 514 1046 et
531 974 565 1047 se
588 974 655 1047 isto
672 976 783 1048 modo
799 998 852 1048 ret
869 974 989 1046 habet.
1038 974 1152 1047 rere-

121 1072 245 1145 damus
271 1071 381 1169 igitur
404 1071 575 1163 Panaetio,
597 1098 618 1145 a
641 1073 789 1145 Platone
815 1074 878 1145 luo
904 1071 1150 1147 dissentienti?

121 1194 228 1265 quem
246 1170 344 1243 enim
360 1172 526 1245 omnibus
549 1172 638 1247 locis
654 1172 818 1262 divimrm,
835 1169 1151 1271 quemsapientiffi-

5 1312 6 1331 r
119 1294 216 1355 mon,
234 1294 345 1369 quem
356 1269 600 1365 anrffiffimum,
625 1296 734 1368 quem
751 1272 929 1343 Homerum
950 1266 1151 1369 pliloſsrplro-

118 1392 191 1437 mon
216 1368 386 1465 appellat,
403 1369 506 1464 hujus
530 1369 621 1443 hanc
647 1394 757 1443 unam
782 1370 989 1443 sententram
1015 1370 1059 1441 de
1081 1370 1153 1443 im-

120 1466 335 1541 mortalitate
352 1467 553 1541 animorum
568 1492 640 1541 non
655 1470 794 1567 probat.
825 1468 914 1542 Vult
929 1468 1036 1553 enim,
1051 1470 1152 1565 quod

119 1586 227 1638 nemo
248 1584 367 1663 negat,
386 1564 560 1665 quicquid
576 1586 699 1641 natum
715 1568 771 1653 srt,
789 1568 931 1641 interire
947 1599 957 1651 ;
976 1566 1070 1639 nasci
1086 1593 1152 1641 au·

120 1680 193 1737 tem
219 1661 371 1755 animos,
394 1668 492 1762 quod
507 1664 687 1740 zdeclaret
712 1692 835 1741 eorum
859 1666 1068 1751 fimilitudo,
1086 1666 1149 1764 qui

119 1780 374 1859 procreentur3
402 1789 481 1861 quae
505 1764 611 1839 etiam
638 1763 676 1839 in
703 1763 854 1863 ingeniis
877 1789 951 1838 non
977 1763 1090 1836 solum
1112 1762 1152 1837 io

122 1863 327 1959 corporibus
351 1881 526 1961 appareat.
578 1864 739 1937 Alteram
766 1882 885 1937 autem
914 1862 1019 1936 affert
1044 1860 1151 1935 ratio·

122 1982 229 2034 nem:
256 1960 347 2033 nihil
371 1962 453 2051 effe,
471 1964 569 2060 quod
594 1964 725 2052 doleat,
741 1963 829 2059 quin
856 1962 894 2035 id
919 1986 1054 2060 aegrum
1079 1962 1150 2034 effe

122 2082 266 2156 quoque
290 2059 424 2157 poffit3
450 2064 550 2159 quod
574 2080 693 2135 autem
719 2064 757 2136 in
784 2063 952 2135 morbum
977 2063 1093 2149 cadat,
1110 2059 1151 2134 id

122 2156 229 2230 etiam
261 2159 511 2233 interiturum:
554 2160 674 2234 dolere
713 2177 835 2235 autem
874 2160 1023 2250 animos,
1062 2184 1149 2259 ergo

5 2298 7 2307 ι
122 2256 233 2329 etiam
256 2256 406 2331 interire.

126 2435 195 2502 lim,
206 2434 358 2515 suscipiam
378 2424 501 2517 sequitur
523 2440 610 2511 euim,
741 2434 901 2507 Παναίτιος·
923 2433 951 2506 ὅς
966 2433 988 2519 ῤ’
1002 2433 1149 2497 hilam

123 2514 199 2573 illud
209 2532 371 2578 autem—nm
386 2540 480 2580 om.
699 2515 751 2598 lta)
763 2516 861 2597 ψυχὴν
874 2515 976 2596 θνητὴν
991 2514 1065 2601 appi
1076 2516 1149 2578 νόθον

164 2604 180 2635 ¹
198 2597 312 2669 ldcirco,
330 2620 378 2658 νιονι
397 2600 475 2674 dant]
504 2602 609 2679 Vulgo,
737 2596 859 2678 remim.

121 2674 153 2733 id
168 2692 235 2735 cem
256 2700 303 2736 nm
321 2680 396 2741 dant.
437 2680 608 2753 helionem,
658 2681 740 2739 Quid
761 2689 855 2738 autem
877 2678 1031 2737 dolliffrmo
1047 2678 1150 2737 Merra·

122 2777 206 2833 quam
220 2762 380 2837 recepimus,
394 2761 522 2820 adserunt
536 2762 608 2839 Reg.
657 2763 704 2839 gio
717 2760 811 2831 saciet,
823 2762 873 2838 qui
885 2762 921 2819 ad
932 2760 1035 2819 Laertii
1047 2761 1087 2817 iii.
1098 2761 1148 2818 62.

122 2836 191 2897 ran.
204 2840 438 2917 quinque‚Vatic.
449 2843 527 2901 Med.
538 2840 608 2900 narr.
657 2844 700 2899 ed.
724 2842 816 2901 Amst.
844 2842 909 2899 hinc
938 2841 1033 2898 statuit
1060 2840 1149 2907 t'uiffe,
1253 2897 1259 2903 .

113 2916 228 2977 Hieras.
241 2928 301 2977 tert.
316 2933 345 2978 et
357 2922 467 2980 Balliol.
657 2922 708 2999 qui
728 2922 905 2988 Phaedonem,
927 2920 1043 2978 Panaetii
1063 2919 1149 2977 Stoici

164 3006 178 3044 ἵ
198 2999 332 3059 Credamus
351 3003 434 3080 igitur
449 3002 608 3072 Panaetim
657 3001 706 3059 effe
718 3001 938 3059 contenderunt?
962 3000 1074 3059 Scilicet
1082 3018 1148 3058 eum

123 3076 447 3161 I’Ialmesuodeffemimtr]
460 3084 609 3151 Panaetiua,
657 3082 715 3160 ipsa
735 3100 777 3139 rea
797 3083 905 3141 abunde
926 3080 1044 3153 refellit3
1066 3101 1100 3138 ex
1116 3102 1150 3139 eo

122 3157 185 3217 licet
205 3160 321 3227 Stoicus,
335 3164 443 3221 animos
463 3182 527 3221 cum
547 3182 608 3221 eor·
657 3182 722 3221 vero
734 3172 816 3220 natue
829 3162 867 3219 est
876 3182 961 3230 error,
973 3163 1047 3238 quod
1061 3158 1149 3219 νοθεο·

121 3256 185 3317 pore
205 3244 277 3299 mori
299 3240 456 3319 judimvit3
485 3244 513 3300 id
534 3245 609 3319 quod
657 3240 752 3323 έμενον
766 3242 946 3321 prosreppqſsto
959 3244 1002 3300 vel
1015 3240 1148 3299 adultera·

121 3318 258 3395 eleganter
275 3322 391 3382 ostendit
411 3322 520 3381 Aulior
540 3324 609 3403 Epi·
655 3336 681 3379 νο
693 3322 899 3392 sumserit,cum
901 3323 1020 3401 spurium
1031 3322 1149 3381 habitum

124 3402 284 3473 grammaria
303 3404 422 3461 Anthol.
438 3404 458 3462 l.
473 3404 492 3461 i.
513 3424 542 3481 p.
558 3422 608 3481 94.
655 3404 785 3461 denotet:
814 3413 846 3460 ut
868 3404 943 3481 apud
969 3405 1148 3468 Athenaeum,

125 3478 165 3534 et.
187 3482 282 3539 Franc.
310 3484 355 3541 cui
378 3483 488 3553 titulus,
509 3486 542 3551 εἶς
561 3482 607 3543 τὸν
656 3485 704 3543 lib.
719 3504 747 3541 x.
768 3504 797 3563 p.
813 3497 882 3562 455.
897 3485 932 3541 C.
953 3483 996 3541 ed.
1011 3484 1104 3559 Lugd.
1125 3483 1149 3539 οἶ

125 3556 246 3618 Φαίδωνα
281 3560 412 3641 διάλογον
453 3560 607 3633 Πλάτωνος
657 3560 811 3632 mistiones
832 3561 928 3622 Λάσου
940 3562 975 3621 αὖ
986 3559 1148 3643 Ἑρμιονέως

122 3640 417 3701 ΝΟΘΕἹῸΜΕΝΟΝ
436 3641 484 3703 ieri
499 3648 609 3703 Ποιναο·
656 3639 706 3719 τὴν
726 3637 849 3724 ἄσιγμον
869 3640 948 3719 oilla,
968 3642 1032 3701 suot
1052 3644 1082 3709 ii,
1095 3644 1148 3719 qui

120 3714 173 3777 riu.
214 3722 294 3780 lufic
309 3722 439 3782 sehabet.
657 3724 739 3783 Oden
757 3724 836 3783 illam
858 3728 974 3783 notham
994 3722 1043 3781 elle
1062 3722 1149 3782 statu·

157 3796 414 3881 ΕἷμαΠλάτωνέ
433 3800 609 3884 γράψε,δόω
657 3815 721 3863 unt.
762 3806 807 3864 Sic
820 3816 847 3863 et
860 3806 926 3864 alibi
940 3824 996 3861 nou
1009 3822 1079 3862 raro.

196 3880 321 3959 ἐγένοντο
336 3881 487 3943 Πλάτωνε·
697 3894 710 3923 ²
730 3882 1075 3964 Balara-procreentur]
1099 3885 1147 3945 stc

157 3961 341 4061 Xumpaepmir
351 3958 437 4043 ὀάρων
447 3958 530 4025 ἄνθεα
541 3962 609 4025 rat·
657 3966 730 4044 Reg.
750 3976 777 4023 et
799 3968 875 4025 Bar.
904 3964 1009 4041 Vulgo,
1030 3964 1146 4026 declarat

161 4058 415 4184 ’rilliieou
433 4121 463 4209 μ’
477 4125 608 4189 ἐτέλεσσε
656 4060 867 4127 *mmm

635 4226 685 4283 Ι4
