<?xml version="1.0" encoding="UTF-8"?>
<!DOCTYPE html PUBLIC "-//W3C//DTD XHTML 1.0 Transitional//EN"
    "http://www.w3.org/TR/xhtml1/DTD/xhtml1-transitional.dtd">
<html xmlns="http://www.w3.org/1999/xhtml" xml:lang="en" lang="en">
 <head>
  <title>
</title>
<meta http-equiv="Content-Type" content="text/html;charset=utf-8" />
  <meta name='ocr-system' content='tesseract 3.04.00' />
  <meta name='ocr-capabilities' content='ocr_page ocr_carea ocr_par ocr_line ocrx_word'/>
</head>
<body>
  <div class='ocr_page' id='page_1' title='image "./mtulliiciceroni00bentgoog_0072.png"; bbox 0 0 2817 4859; ppageno 0'>
   <div class='ocr_carea' id='block_1_1' title="bbox 296 336 1174 414">
    <p class='ocr_par' dir='ltr' id='par_1_1' title="bbox 296 336 1174 414">
     <span class='ocr_line' id='line_1_1' title="bbox 296 336 1174 414; baseline -0.013 -3"><span class='ocrx_word' id='word_1_1' title='bbox 296 349 362 411; x_wconf 77' lang='lat'>60·</span> <span class='ocrx_word' id='word_1_2' title='bbox 505 336 1114 414; x_wconf 73' lang='lat' dir='ltr'>Tuscuu.nrsuu&#39;rnr10uum</span> <span class='ocrx_word' id='word_1_3' title='bbox 1170 344 1174 351; x_wconf 88' lang='lat'>&#39;</span> 
     </span>
    </p>
   </div>
   <div class='ocr_carea' id='block_1_2' title="bbox 210 493 1341 2581">
    <p class='ocr_par' dir='ltr' id='par_1_2' title="bbox 210 493 1341 2581">
     <span class='ocr_line' id='line_1_2' title="bbox 346 493 1338 595; baseline -0.009 -14"><span class='ocrx_word' id='word_1_4' title='bbox 346 494 507 581; x_wconf 80' lang='lat' dir='ltr'><strong>XXVII.</strong></span> <span class='ocrx_word' id='word_1_5' title='bbox 533 506 640 578; x_wconf 77' lang='lat' dir='ltr'>Hanc</span> <span class='ocrx_word' id='word_1_6' title='bbox 670 526 735 577; x_wconf 85' lang='lat' dir='ltr'>nos</span> <span class='ocrx_word' id='word_1_7' title='bbox 764 500 973 577; x_wconf 81' lang='lat' dir='ltr'>sententiam</span> <span class='ocrx_word' id='word_1_8' title='bbox 1006 497 1130 588; x_wconf 80' lang='lat' dir='ltr'>secuti,</span> <span class='ocrx_word' id='word_1_9' title='bbox 1159 496 1215 571; x_wconf 79' lang='lat' dir='ltr'>nis</span> <span class='ocrx_word' id='word_1_10' title='bbox 1238 493 1338 595; x_wconf 74' lang='lat' dir='ltr'>ipris</span> 
     </span>
     <span class='ocr_line' id='line_1_3' title="bbox 210 594 1336 699; baseline -0.009 -19"><span class='ocrx_word' id='word_1_11' title='bbox 210 640 213 647; x_wconf 56' lang='lat'>¹</span> <span class='ocrx_word' id='word_1_12' title='bbox 297 606 416 679; x_wconf 80' lang='lat' dir='ltr'>verbis</span> <span class='ocrx_word' id='word_1_13' title='bbox 432 606 470 677; x_wconf 91' lang='lat' dir='ltr'>in</span> <span class='ocrx_word' id='word_1_14' title='bbox 486 602 728 677; x_wconf 80' lang='lat' dir='ltr'>consolatione</span> <span class='ocrx_word' id='word_1_15' title='bbox 744 602 815 675; x_wconf 84' lang='lat' dir='ltr'>hoc</span> <span class='ocrx_word' id='word_1_16' title='bbox 828 600 1081 699; x_wconf 74' lang='lat' dir='ltr'>expreflimuo:</span> <span class='ocrx_word' id='word_1_17' title='bbox 1101 594 1336 674; x_wconf 58' lang='lat' dir='ltr'>‘Annam</span> 
     </span>
     <span class='ocr_line' id='line_1_4' title="bbox 299 694 1336 800; baseline -0.011 -23"><span class='ocrx_word' id='word_1_18' title='bbox 299 703 393 779; x_wconf 83' lang='lat' dir='ltr'><em>nulla</em></span> <span class='ocrx_word' id='word_1_19' title='bbox 410 704 445 776; x_wconf 86' lang='lat' dir='ltr'>in</span> <span class='ocrx_word' id='word_1_20' title='bbox 470 702 569 775; x_wconf 81' lang='lat' dir='ltr'>terris</span> <span class='ocrx_word' id='word_1_21' title='bbox 592 702 684 800; x_wconf 81' lang='lat' dir='ltr'>origo</span> <span class='ocrx_word' id='word_1_22' title='bbox 708 700 854 776; x_wconf 79' lang='lat' dir='ltr'>inveniri</span> <span class='ocrx_word' id='word_1_23' title='bbox 871 700 1003 798; x_wconf 77' lang='lat' dir='ltr'>potest:</span> <span class='ocrx_word' id='word_1_24' title='bbox 1027 694 1112 770; x_wconf 80' lang='lat' dir='ltr'><em>nibil</em></span> <span class='ocrx_word' id='word_1_25' title='bbox 1125 695 1207 768; x_wconf 80' lang='lat' dir='ltr'><em>enim</em></span> <span class='ocrx_word' id='word_1_26' title='bbox 1231 696 1279 787; x_wconf 79' lang='grc' dir='ltr'>κβ</span> <span class='ocrx_word' id='word_1_27' title='bbox 1293 696 1336 767; x_wconf 81' lang='lat' dir='ltr'>in</span> 
     </span>
     <span class='ocr_line' id='line_1_5' title="bbox 299 796 1335 900; baseline -0.012 -24"><span class='ocrx_word' id='word_1_28' title='bbox 299 802 416 877; x_wconf 78' lang='lat' dir='ltr'>animis</span> <span class='ocrx_word' id='word_1_29' title='bbox 432 803 565 875; x_wconf 78' lang='lat' dir='ltr'>mixtum</span> <span class='ocrx_word' id='word_1_30' title='bbox 587 816 690 900; x_wconf 79' lang='lat' dir='ltr'><em>atque</em></span> <span class='ocrx_word' id='word_1_31' title='bbox 712 814 907 888; x_wconf 79' lang='lat' dir='ltr'>concretum,</span> <span class='ocrx_word' id='word_1_32' title='bbox 924 813 986 871; x_wconf 79' lang='lat' dir='ltr'>aut</span> <span class='ocrx_word' id='word_1_33' title='bbox 1022 796 1090 871; x_wconf 80' lang='lat' dir='ltr'>nod</span> <span class='ocrx_word' id='word_1_34' title='bbox 1103 821 1141 867; x_wconf 81' lang='lat' dir='ltr'>err</span> <span class='ocrx_word' id='word_1_35' title='bbox 1157 810 1250 866; x_wconf 79' lang='lat' dir='ltr'>terra</span> <span class='ocrx_word' id='word_1_36' title='bbox 1264 818 1335 865; x_wconf 85' lang='lat' dir='ltr'>na-</span> 
     </span>
     <span class='ocr_line' id='line_1_6' title="bbox 303 826 1337 1004; baseline -0.009 -31"><span class='ocrx_word' id='word_1_37' title='bbox 303 919 371 974; x_wconf 79' lang='lat' dir='ltr'>tnm</span> <span class='ocrx_word' id='word_1_38' title='bbox 393 918 494 1004; x_wconf 81' lang='lat' dir='ltr'><em>atque</em></span> <span class='ocrx_word' id='word_1_39' title='bbox 508 902 626 992; x_wconf 66' lang='lat' dir='ltr'>ficium</span> <span class='ocrx_word' id='word_1_40' title='bbox 647 900 707 997; x_wconf 81' lang='grc' dir='ltr'>κβκ</span> <span class='ocrx_word' id='word_1_41' title='bbox 722 897 907 981; x_wconf 61' lang='lat' dir='ltr'>videntum</span> <span class='ocrx_word' id='word_1_42' title='bbox 934 826 1072 971; x_wconf 73' lang='lat' dir='ltr'><em>nibtinc</em></span> <span class='ocrx_word' id='word_1_43' title='bbox 1084 910 1146 969; x_wconf 76' lang='lat' dir='ltr'>aut</span> <span class='ocrx_word' id='word_1_44' title='bbox 1162 892 1337 973; x_wconf 69' lang='lat' dir='ltr'>humidum</span> 
     </span>
     <span class='ocr_line' id='line_1_7' title="bbox 300 994 1335 1103; baseline -0.008 -31"><span class='ocrx_word' id='word_1_45' title='bbox 300 1002 429 1103; x_wconf 81' lang='lat' dir='ltr'>quidem</span> <span class='ocrx_word' id='word_1_46' title='bbox 455 1016 517 1072; x_wconf 83' lang='lat' dir='ltr'>aut</span> <span class='ocrx_word' id='word_1_47' title='bbox 530 996 654 1093; x_wconf 83' lang='lat' dir='ltr'><em>flabile</em></span> <span class='ocrx_word' id='word_1_48' title='bbox 677 1012 739 1071; x_wconf 79' lang='lat' dir='ltr'>ant</span> <span class='ocrx_word' id='word_1_49' title='bbox 762 997 903 1095; x_wconf 52' lang='lat' dir='ltr'>igneum.</span> <span class='ocrx_word' id='word_1_50' title='bbox 953 995 1021 1069; x_wconf 78' lang='lat' dir='ltr'>His</span> <span class='ocrx_word' id='word_1_51' title='bbox 1037 995 1120 1067; x_wconf 81' lang='lat' dir='ltr'>enim</span> <span class='ocrx_word' id='word_1_52' title='bbox 1136 994 1172 1066; x_wconf 87' lang='lat' dir='ltr'>in</span> <span class='ocrx_word' id='word_1_53' title='bbox 1194 994 1335 1065; x_wconf 71' lang='lat' dir='ltr'>nutriris</span> 
     </span>
     <span class='ocr_line' id='line_1_8' title="bbox 302 1092 1334 1194; baseline -0.012 -19"><span class='ocrx_word' id='word_1_54' title='bbox 302 1100 386 1175; x_wconf 78' lang='lat' dir='ltr'><em>nihil</em></span> <span class='ocrx_word' id='word_1_55' title='bbox 399 1102 488 1194; x_wconf 81' lang='lat' dir='ltr'><em>inest,</em></span> <span class='ocrx_word' id='word_1_56' title='bbox 527 1098 677 1171; x_wconf 77' lang='lat' dir='ltr'>andnim</span> <span class='ocrx_word' id='word_1_57' title='bbox 693 1095 865 1187; x_wconf 72' lang='lat' dir='ltr'>memoria,</span> <span class='ocrx_word' id='word_1_58' title='bbox 880 1093 1009 1184; x_wconf 83' lang='lat' dir='ltr'>mentis,</span> <span class='ocrx_word' id='word_1_59' title='bbox 1027 1092 1236 1194; x_wconf 76' lang='lat' dir='ltr'>cogitationis</span> <span class='ocrx_word' id='word_1_60' title='bbox 1262 1092 1334 1165; x_wconf 78' lang='lat' dir='ltr'>lra-</span> 
     </span>
     <span class='ocr_line' id='line_1_9' title="bbox 302 1128 1334 1298; baseline -0.011 -26"><span class='ocrx_word' id='word_1_61' title='bbox 302 1199 404 1284; x_wconf 75' lang='lat' dir='ltr'><em>beat;</em></span> <span class='ocrx_word' id='word_1_62' title='bbox 429 1128 526 1298; x_wconf 69' lang='lat' dir='ltr'>quoti</span> <span class='ocrx_word' id='word_1_63' title='bbox 533 1212 566 1269; x_wconf 81' lang='lat' dir='ltr'>et</span> <span class='ocrx_word' id='word_1_64' title='bbox 587 1196 762 1294; x_wconf 74' lang='lat' dir='ltr'>praetnita</span> <span class='ocrx_word' id='word_1_65' title='bbox 779 1211 891 1267; x_wconf 77' lang='lat' dir='ltr'><em>teneat</em></span> <span class='ocrx_word' id='word_1_66' title='bbox 905 1210 940 1267; x_wconf 73' lang='lat' dir='ltr'>et</span> <span class='ocrx_word' id='word_1_67' title='bbox 953 1196 1082 1292; x_wconf 72' lang='lat' dir='ltr'>fluum</span> <span class='ocrx_word' id='word_1_68' title='bbox 1092 1190 1334 1296; x_wconf 71' lang='lat' dir='ltr'>providenter</span> 
     </span>
     <span class='ocr_line' id='line_1_10' title="bbox 303 1290 1336 1399; baseline -0.009 -30"><span class='ocrx_word' id='word_1_69' title='bbox 303 1296 467 1399; x_wconf 53' lang='lat' dir='ltr'>complendi</span> <span class='ocrx_word' id='word_1_70' title='bbox 484 1294 582 1397; x_wconf 82' lang='lat' dir='ltr'>poffit</span> <span class='ocrx_word' id='word_1_71' title='bbox 600 1294 803 1396; x_wconf 75' lang='lat' dir='ltr'><em>praesentia:</em></span> <span class='ocrx_word' id='word_1_72' title='bbox 829 1322 903 1395; x_wconf 82' lang='lat' dir='ltr'>quae</span> <span class='ocrx_word' id='word_1_73' title='bbox 913 1290 990 1390; x_wconf 86' lang='lat' dir='ltr'>sola</span> <span class='ocrx_word' id='word_1_74' title='bbox 1006 1292 1125 1365; x_wconf 83' lang='lat' dir='ltr'><em>divina</em></span> <span class='ocrx_word' id='word_1_75' title='bbox 1135 1295 1245 1385; x_wconf 77' lang='lat' dir='ltr'>fimt3</span> <span class='ocrx_word' id='word_1_76' title='bbox 1271 1316 1336 1361; x_wconf 82' lang='lat' dir='ltr'>nec</span> 
     </span>
     <span class='ocr_line' id='line_1_11' title="bbox 302 1389 1338 1495; baseline -0.011 -25"><span class='ocrx_word' id='word_1_77' title='bbox 302 1397 491 1470; x_wconf 80' lang='lat' dir='ltr'><em>invenietur</em></span> <span class='ocrx_word' id='word_1_78' title='bbox 505 1422 661 1495; x_wconf 80' lang='lat' dir='ltr'>unquam,</span> <span class='ocrx_word' id='word_1_79' title='bbox 674 1395 761 1467; x_wconf 76' lang='lat' dir='ltr'>unde</span> <span class='ocrx_word' id='word_1_80' title='bbox 775 1392 825 1465; x_wconf 85' lang='lat' dir='ltr'>ad</span> <span class='ocrx_word' id='word_1_81' title='bbox 836 1394 990 1467; x_wconf 77' lang='lat' dir='ltr'>bominem</span> <span class='ocrx_word' id='word_1_82' title='bbox 1003 1390 1119 1463; x_wconf 83' lang='lat' dir='ltr'><em>venire</em></span> <span class='ocrx_word' id='word_1_83' title='bbox 1126 1391 1256 1491; x_wconf 84' lang='lat' dir='ltr'><em>poffint,</em></span> <span class='ocrx_word' id='word_1_84' title='bbox 1271 1389 1338 1482; x_wconf 78' lang='lat' dir='ltr'>nist</span> 
     </span>
     <span class='ocr_line' id='line_1_12' title="bbox 302 1490 1336 1593; baseline -0.008 -26"><span class='ocrx_word' id='word_1_85' title='bbox 302 1519 325 1567; x_wconf 84' lang='lat' dir='ltr'><em>a</em></span> <span class='ocrx_word' id='word_1_86' title='bbox 344 1496 428 1569; x_wconf 80' lang='lat' dir='ltr'>Deo.</span> <span class='ocrx_word' id='word_1_87' title='bbox 469 1494 655 1593; x_wconf 83' lang='lat' dir='ltr'><em>Singularis</em></span> <span class='ocrx_word' id='word_1_88' title='bbox 673 1494 716 1585; x_wconf 84' lang='grc' dir='ltr'>κβ</span> <span class='ocrx_word' id='word_1_89' title='bbox 731 1493 837 1593; x_wconf 84' lang='lat' dir='ltr'>igitur</span> <span class='ocrx_word' id='word_1_90' title='bbox 852 1493 1003 1591; x_wconf 75' lang='lat' dir='ltr'>quadam</span> <span class='ocrx_word' id='word_1_91' title='bbox 1019 1506 1144 1563; x_wconf 81' lang='lat' dir='ltr'>notura</span> <span class='ocrx_word' id='word_1_92' title='bbox 1159 1504 1261 1589; x_wconf 80' lang='lat' dir='ltr'>utque</span> <span class='ocrx_word' id='word_1_93' title='bbox 1274 1490 1336 1560; x_wconf 83' lang='lat' dir='ltr'>vis</span> 
     </span>
     <span class='ocr_line' id='line_1_13' title="bbox 302 1587 1336 1693; baseline -0.006 -28"><span class='ocrx_word' id='word_1_94' title='bbox 302 1594 415 1683; x_wconf 84' lang='lat' dir='ltr'>animi,</span> <span class='ocrx_word' id='word_1_95' title='bbox 428 1597 580 1688; x_wconf 66' lang='lat' dir='ltr'><em>se’nnffla</em></span> <span class='ocrx_word' id='word_1_96' title='bbox 604 1592 648 1665; x_wconf 85' lang='lat' dir='ltr'>ab</span> <span class='ocrx_word' id='word_1_97' title='bbox 672 1592 722 1664; x_wconf 81' lang='lat' dir='ltr'>Iris</span> <span class='ocrx_word' id='word_1_98' title='bbox 738 1593 890 1686; x_wconf 64' lang='lat' dir='ltr'>*rostratis</span> <span class='ocrx_word' id='word_1_99' title='bbox 912 1591 1055 1693; x_wconf 83' lang='lat' dir='ltr'>notisque</span> <span class='ocrx_word' id='word_1_100' title='bbox 1078 1590 1219 1661; x_wconf 79' lang='lat' dir='ltr'>naturis.</span> <span class='ocrx_word' id='word_1_101' title='bbox 1272 1587 1336 1659; x_wconf 85' lang='lat' dir='ltr'>Ita</span> 
     </span>
     <span class='ocr_line' id='line_1_14' title="bbox 303 1622 1336 1793; baseline -0.008 -28"><span class='ocrx_word' id='word_1_102' title='bbox 303 1692 387 1793; x_wconf 86' lang='lat' dir='ltr'>quid</span> <span class='ocrx_word' id='word_1_103' title='bbox 406 1622 481 1765; x_wconf 62' lang='lat' dir='ltr'>uid]</span> <span class='ocrx_word' id='word_1_104' title='bbox 480 1693 522 1785; x_wconf 89' lang='grc' dir='ltr'>κβ</span> <span class='ocrx_word' id='word_1_105' title='bbox 537 1690 634 1780; x_wconf 82' lang='lat' dir='ltr'>illud,</span> <span class='ocrx_word' id='word_1_106' title='bbox 650 1691 741 1791; x_wconf 80' lang='lat' dir='ltr'>quod</span> <span class='ocrx_word' id='word_1_107' title='bbox 740 1692 861 1785; x_wconf 80' lang='lat' dir='ltr'><em>sentit,</em></span> <span class='ocrx_word' id='word_1_108' title='bbox 877 1690 1075 1789; x_wconf 79' lang='lat' dir='ltr'>quodsupit,</span> <span class='ocrx_word' id='word_1_109' title='bbox 1092 1689 1211 1789; x_wconf 58' lang='lat' dir='ltr'>&amp;qnod</span> <span class='ocrx_word' id='word_1_110' title='bbox 1222 1686 1336 1773; x_wconf 82' lang='lat' dir='ltr'><em>vivit,</em></span> 
     </span>
     <span class='ocr_line' id='line_1_15' title="bbox 302 1722 1336 1891; baseline -0.007 -28"><span class='ocrx_word' id='word_1_111' title='bbox 302 1722 512 1891; x_wconf 51' lang='lat' dir='ltr'>quoivigen</span> <span class='ocrx_word' id='word_1_112' title='bbox 530 1792 546 1837; x_wconf 77' lang='lat'>¹¹</span> <span class='ocrx_word' id='word_1_113' title='bbox 563 1789 683 1885; x_wconf 81' lang='lat' dir='ltr'><em>caelestc</em></span> <span class='ocrx_word' id='word_1_114' title='bbox 700 1806 734 1863; x_wconf 80' lang='lat' dir='ltr'>et</span> <span class='ocrx_word' id='word_1_115' title='bbox 747 1789 911 1874; x_wconf 84' lang='lat' dir='ltr'>divinum,</span> <span class='ocrx_word' id='word_1_116' title='bbox 928 1788 968 1860; x_wconf 78' lang='lat' dir='ltr'>ob</span> <span class='ocrx_word' id='word_1_117' title='bbox 983 1814 1116 1889; x_wconf 81' lang='lat' dir='ltr'>eamque</span> <span class='ocrx_word' id='word_1_118' title='bbox 1139 1815 1208 1859; x_wconf 85' lang='lat' dir='ltr'>rem</span> <span class='ocrx_word' id='word_1_119' title='bbox 1230 1801 1336 1859; x_wconf 83' lang='lat' dir='ltr'><em>aeter-</em></span> 
     </span>
     <span class='ocr_line' id='line_1_16' title="bbox 303 1882 1337 1987; baseline -0.007 -24"><span class='ocrx_word' id='word_1_120' title='bbox 303 1894 435 1985; x_wconf 81' lang='lat' dir='ltr'>nurnfit</span> <span class='ocrx_word' id='word_1_121' title='bbox 451 1892 569 1987; x_wconf 82' lang='lat' dir='ltr'><em>neceffe</em></span> <span class='ocrx_word' id='word_1_122' title='bbox 584 1892 637 1983; x_wconf 90' lang='grc' dir='ltr'>κβ.</span> <span class='ocrx_word' id='word_1_123' title='bbox 688 1889 695 1935; x_wconf 72' lang='lat'><strong>¹</strong></span> <span class='ocrx_word' id='word_1_124' title='bbox 709 1890 783 1961; x_wconf 82' lang='lat' dir='ltr'>Nec</span> <span class='ocrx_word' id='word_1_125' title='bbox 797 1915 880 1959; x_wconf 83' lang='lat' dir='ltr'>vero</span> <span class='ocrx_word' id='word_1_126' title='bbox 896 1888 992 1959; x_wconf 80' lang='lat' dir='ltr'>Deus</span> <span class='ocrx_word' id='word_1_127' title='bbox 1008 1887 1081 1986; x_wconf 74' lang='lat' dir='ltr'>ipſs,</span> <span class='ocrx_word' id='word_1_128' title='bbox 1098 1888 1156 1986; x_wconf 84' lang='lat' dir='ltr'>qui</span> <span class='ocrx_word' id='word_1_129' title='bbox 1172 1882 1337 1983; x_wconf 61' lang='lat' dir='ltr'><em>intelligi-</em></span> 
     </span>
     <span class='ocr_line' id='line_1_17' title="bbox 305 1982 1337 2086; baseline -0.005 -24"><span class='ocrx_word' id='word_1_130' title='bbox 305 2007 400 2063; x_wconf 85' lang='lat' dir='ltr'>tura</span> <span class='ocrx_word' id='word_1_131' title='bbox 427 1988 529 2073; x_wconf 89' lang='lat' dir='ltr'><em>nobis,</em></span> <span class='ocrx_word' id='word_1_132' title='bbox 548 1987 613 2061; x_wconf 77' lang='lat' dir='ltr'>alio</span> <span class='ocrx_word' id='word_1_133' title='bbox 639 1988 729 2059; x_wconf 82' lang='lat' dir='ltr'>modo</span> <span class='ocrx_word' id='word_1_134' title='bbox 747 1984 889 2086; x_wconf 78' lang='lat' dir='ltr'><em>intelligi</em></span> <span class='ocrx_word' id='word_1_135' title='bbox 898 1988 1017 2086; x_wconf 79' lang='lat' dir='ltr'>potest,</span> <span class='ocrx_word' id='word_1_136' title='bbox 1034 1987 1095 2081; x_wconf 85' lang='lat' dir='ltr'>nist</span> <span class='ocrx_word' id='word_1_137' title='bbox 1117 2012 1204 2057; x_wconf 82' lang='lat' dir='ltr'>mens</span> <span class='ocrx_word' id='word_1_138' title='bbox 1213 1982 1337 2079; x_wconf 73' lang='lat' dir='ltr'>stiluta</span> 
     </span>
     <span class='ocr_line' id='line_1_18' title="bbox 305 2084 1336 2188; baseline -0.006 -30"><span class='ocrx_word' id='word_1_139' title='bbox 305 2088 454 2188; x_wconf 62' lang='lat' dir='ltr'>quaedam</span> <span class='ocrx_word' id='word_1_140' title='bbox 472 2103 505 2159; x_wconf 82' lang='lat' dir='ltr'>et</span> <span class='ocrx_word' id='word_1_141' title='bbox 523 2086 639 2177; x_wconf 84' lang='lat' dir='ltr'>libera,</span> <span class='ocrx_word' id='word_1_142' title='bbox 654 2091 840 2185; x_wconf 79' lang='lat' dir='ltr'><em>segregata</em></span> <span class='ocrx_word' id='word_1_143' title='bbox 859 2084 903 2158; x_wconf 84' lang='lat' dir='ltr'>nb</span> <span class='ocrx_word' id='word_1_144' title='bbox 919 2085 1004 2166; x_wconf 84' lang='lat' dir='ltr'>omni</span> <span class='ocrx_word' id='word_1_145' title='bbox 1030 2084 1229 2157; x_wconf 80' lang='lat' dir='ltr'>concretione</span> <span class='ocrx_word' id='word_1_146' title='bbox 1245 2110 1336 2154; x_wconf 87' lang='lat' dir='ltr'>mor·</span> 
     </span>
     <span class='ocr_line' id='line_1_19' title="bbox 306 2182 1341 2288; baseline -0.004 -29"><span class='ocrx_word' id='word_1_147' title='bbox 306 2185 380 2277; x_wconf 80' lang='lat' dir='ltr'><em>tali,</em></span> <span class='ocrx_word' id='word_1_148' title='bbox 406 2185 510 2259; x_wconf 84' lang='lat' dir='ltr'>omniu</span> <span class='ocrx_word' id='word_1_149' title='bbox 525 2187 674 2280; x_wconf 81' lang='lat' dir='ltr'><em>sentiens</em></span> <span class='ocrx_word' id='word_1_150' title='bbox 699 2202 733 2258; x_wconf 85' lang='lat' dir='ltr'>et</span> <span class='ocrx_word' id='word_1_151' title='bbox 756 2212 900 2273; x_wconf 79' lang='lat' dir='ltr'>movens,</span> <span class='ocrx_word' id='word_1_152' title='bbox 922 2184 1052 2285; x_wconf 74' lang='lat' dir='ltr'>ipsaque</span> <span class='ocrx_word' id='word_1_153' title='bbox 1068 2182 1218 2288; x_wconf 80' lang='lat' dir='ltr'>praedita</span> <span class='ocrx_word' id='word_1_154' title='bbox 1243 2198 1341 2255; x_wconf 84' lang='lat' dir='ltr'>motu</span> 
     </span>
     <span class='ocr_line' id='line_1_20' title="bbox 290 2286 1335 2387; baseline -0.016 -29"><span class='ocrx_word' id='word_1_155' title='bbox 290 2286 502 2387; x_wconf 68' lang='grc' dir='ltr'><em>βκηβὶίκκπο.</em></span> <span class='ocrx_word' id='word_1_156' title='bbox 1321 2336 1335 2366; x_wconf 69' lang='lat' dir='ltr'>z</span> 
     </span>
     <span class='ocr_line' id='line_1_21' title="bbox 354 2382 1340 2484; baseline -0.004 -25"><span class='ocrx_word' id='word_1_157' title='bbox 354 2385 534 2459; x_wconf 89' lang='lat' dir='ltr'><strong>XXVIII.</strong></span> <span class='ocrx_word' id='word_1_158' title='bbox 560 2386 645 2457; x_wconf 91' lang='lat' dir='ltr'>Hoc</span> <span class='ocrx_word' id='word_1_159' title='bbox 664 2410 683 2456; x_wconf 91' lang='lat' dir='ltr'>e</span> <span class='ocrx_word' id='word_1_160' title='bbox 700 2409 829 2484; x_wconf 85' lang='lat' dir='ltr'>genere</span> <span class='ocrx_word' id='word_1_161' title='bbox 845 2399 951 2480; x_wconf 78' lang='lat' dir='ltr'>arque</span> <span class='ocrx_word' id='word_1_162' title='bbox 967 2385 1092 2455; x_wconf 84' lang='lat' dir='ltr'>eadem</span> <span class='ocrx_word' id='word_1_163' title='bbox 1108 2410 1127 2455; x_wconf 87' lang='lat' dir='ltr'><strong>e</strong></span> <span class='ocrx_word' id='word_1_164' title='bbox 1145 2398 1270 2455; x_wconf 87' lang='lat' dir='ltr'>natura</span> <span class='ocrx_word' id='word_1_165' title='bbox 1285 2382 1340 2455; x_wconf 85' lang='lat' dir='ltr'>est</span> 
     </span>
     <span class='ocr_line' id='line_1_22' title="bbox 306 2480 1335 2581; baseline -0.004 -24"><span class='ocrx_word' id='word_1_166' title='bbox 306 2486 461 2557; x_wconf 84' lang='lat' dir='ltr'>humana</span> <span class='ocrx_word' id='word_1_167' title='bbox 476 2508 589 2556; x_wconf 88' lang='lat' dir='ltr'>mens.</span> <span class='ocrx_word' id='word_1_168' title='bbox 629 2482 705 2555; x_wconf 92' lang='lat' dir='ltr'>Ubi</span> <span class='ocrx_word' id='word_1_169' title='bbox 725 2482 834 2581; x_wconf 86' lang='lat' dir='ltr'>igitur</span> <span class='ocrx_word' id='word_1_170' title='bbox 849 2502 909 2554; x_wconf 83' lang='lat' dir='ltr'>aut</span> <span class='ocrx_word' id='word_1_171' title='bbox 926 2480 1040 2579; x_wconf 87' lang='lat' dir='ltr'>qualis</span> <span class='ocrx_word' id='word_1_172' title='bbox 1058 2483 1109 2555; x_wconf 85' lang='lat' dir='ltr'>est</span> <span class='ocrx_word' id='word_1_173' title='bbox 1126 2482 1190 2553; x_wconf 78' lang='lat' dir='ltr'>ista</span> <span class='ocrx_word' id='word_1_174' title='bbox 1206 2483 1335 2554; x_wconf 82' lang='lat' dir='ltr'>mens?</span> 
     </span>
    </p>
   </div>
   <div class='ocr_carea' id='block_1_3' title="bbox 307 2579 1342 2681">
    <p class='ocr_par' dir='ltr' id='par_1_3' title="bbox 307 2579 1342 2681">
     <span class='ocr_line' id='line_1_23' title="bbox 307 2579 1342 2681; baseline -0.007 -20"><span class='ocrx_word' id='word_1_175' title='bbox 307 2582 385 2661; x_wconf 91' lang='lat' dir='ltr'>Ubi</span> <span class='ocrx_word' id='word_1_176' title='bbox 407 2598 469 2655; x_wconf 81' lang='lat' dir='ltr'>tua</span> <span class='ocrx_word' id='word_1_177' title='bbox 493 2601 553 2654; x_wconf 83' lang='lat' dir='ltr'>aut</span> <span class='ocrx_word' id='word_1_178' title='bbox 578 2582 717 2679; x_wconf 85' lang='lat' dir='ltr'>qualis?</span> <span class='ocrx_word' id='word_1_179' title='bbox 754 2582 898 2681; x_wconf 89' lang='lat' dir='ltr'>potesne</span> <span class='ocrx_word' id='word_1_180' title='bbox 923 2580 1068 2655; x_wconf 82' lang='lat' dir='ltr'>dicere?</span> <span class='ocrx_word' id='word_1_181' title='bbox 1107 2606 1153 2655; x_wconf 81' lang='lat' dir='ltr'>an</span> <span class='ocrx_word' id='word_1_182' title='bbox 1170 2580 1199 2653; x_wconf 86' lang='lat' dir='ltr'>fi</span> <span class='ocrx_word' id='word_1_183' title='bbox 1215 2579 1342 2655; x_wconf 78' lang='lat' dir='ltr'>omnia</span> 
     </span>
    </p>
   </div>
   <div class='ocr_carea' id='block_1_4' title="bbox 307 2796 1350 4247">
    <p class='ocr_par' dir='ltr' id='par_1_4' title="bbox 307 2796 1346 3924">
     <span class='ocr_line' id='line_1_24' title="bbox 347 2796 1343 2876; baseline 0 -21"><span class='ocrx_word' id='word_1_184' title='bbox 347 2806 360 2835; x_wconf 74' lang='lat'>⁸</span> <span class='ocrx_word' id='word_1_185' title='bbox 391 2798 541 2856; x_wconf 81' lang='lat' dir='ltr'>Animorum</span> <span class='ocrx_word' id='word_1_186' title='bbox 568 2796 640 2855; x_wconf 84' lang='lat' dir='ltr'><em>nulla</em></span> <span class='ocrx_word' id='word_1_187' title='bbox 669 2798 696 2854; x_wconf 86' lang='lat' dir='ltr'>in</span> <span class='ocrx_word' id='word_1_188' title='bbox 726 2798 800 2856; x_wconf 73' lang='lat' dir='ltr'>terris</span> <span class='ocrx_word' id='word_1_189' title='bbox 849 2798 918 2856; x_wconf 86' lang='lat' dir='ltr'><strong>PaII.</strong></span> <span class='ocrx_word' id='word_1_190' title='bbox 932 2798 1047 2876; x_wconf 85' lang='lat' dir='ltr'>aliisque</span> <span class='ocrx_word' id='word_1_191' title='bbox 1060 2798 1140 2857; x_wconf 87' lang='lat' dir='ltr'>codd.</span> <span class='ocrx_word' id='word_1_192' title='bbox 1160 2798 1263 2875; x_wconf 81' lang='lat' dir='ltr'>duplex</span> <span class='ocrx_word' id='word_1_193' title='bbox 1285 2796 1343 2855; x_wconf 86' lang='lat' dir='ltr'>hu·</span> 
     </span>
     <span class='ocr_line' id='line_1_25' title="bbox 307 2877 1343 2955; baseline -0.003 -17"><span class='ocrx_word' id='word_1_194' title='bbox 307 2880 375 2953; x_wconf 69' lang='lat' dir='ltr'>dun]</span> <span class='ocrx_word' id='word_1_195' title='bbox 400 2879 488 2936; x_wconf 83' lang='lat' dir='ltr'>Hicce</span> <span class='ocrx_word' id='word_1_196' title='bbox 512 2880 588 2937; x_wconf 78' lang='lat' dir='ltr'>locus</span> <span class='ocrx_word' id='word_1_197' title='bbox 611 2898 628 2936; x_wconf 89' lang='lat' dir='ltr'>a</span> <span class='ocrx_word' id='word_1_198' title='bbox 651 2878 800 2936; x_wconf 63' lang='lat' dir='ltr'>Ladautio</span> <span class='ocrx_word' id='word_1_199' title='bbox 844 2877 892 2955; x_wconf 88' lang='lat' dir='ltr'>jus</span> <span class='ocrx_word' id='word_1_200' title='bbox 901 2880 955 2938; x_wconf 89' lang='lat' dir='ltr'>Ioci</span> <span class='ocrx_word' id='word_1_201' title='bbox 964 2878 1052 2937; x_wconf 79' lang='lat' dir='ltr'>fertur</span> <span class='ocrx_word' id='word_1_202' title='bbox 1063 2877 1158 2949; x_wconf 54' lang='lat' dir='ltr'>lenio</span> <span class='ocrx_word' id='word_1_203' title='bbox 1173 2880 1242 2936; x_wconf 83' lang='lat' dir='ltr'>dant</span> <span class='ocrx_word' id='word_1_204' title='bbox 1251 2878 1343 2945; x_wconf 82' lang='lat' dir='ltr'>enirn,</span> 
     </span>
     <span class='ocr_line' id='line_1_26' title="bbox 308 2958 1344 3037; baseline 0 -20"><span class='ocrx_word' id='word_1_205' title='bbox 308 2962 411 3017; x_wconf 87' lang='lat' dir='ltr'>citatur</span> <span class='ocrx_word' id='word_1_206' title='bbox 429 2960 463 3017; x_wconf 83' lang='lat' dir='ltr'>de</span> <span class='ocrx_word' id='word_1_207' title='bbox 478 2960 518 3017; x_wconf 83' lang='lat' dir='ltr'>ira</span> <span class='ocrx_word' id='word_1_208' title='bbox 538 2960 604 3026; x_wconf 85' lang='lat' dir='ltr'>Dei,</span> <span class='ocrx_word' id='word_1_209' title='bbox 621 2979 683 3036; x_wconf 79' lang='lat' dir='ltr'>cap.</span> <span class='ocrx_word' id='word_1_210' title='bbox 702 2978 747 3019; x_wconf 82' lang='grc' dir='ltr'>ιο.</span> <span class='ocrx_word' id='word_1_211' title='bbox 768 2980 799 3017; x_wconf 86' lang='lat' dir='ltr'>a·</span> <span class='ocrx_word' id='word_1_212' title='bbox 848 2958 985 3037; x_wconf 79' lang='lat' dir='ltr'>quodvult</span> <span class='ocrx_word' id='word_1_213' title='bbox 996 2960 1078 3019; x_wconf 80' lang='lat' dir='ltr'><em>vivit.</em></span> <span class='ocrx_word' id='word_1_214' title='bbox 1109 2959 1344 3036; x_wconf 59' lang='lat' dir='ltr'>mugnano</span> 
     </span>
     <span class='ocr_line' id='line_1_27' title="bbox 308 3040 1343 3119; baseline -0.001 -22"><span class='ocrx_word' id='word_1_215' title='bbox 308 3044 366 3119; x_wconf 87' lang='lat' dir='ltr'>pud</span> <span class='ocrx_word' id='word_1_216' title='bbox 380 3040 474 3097; x_wconf 83' lang='lat' dir='ltr'>finem.</span> <span class='ocrx_word' id='word_1_217' title='bbox 510 3042 560 3099; x_wconf 86' lang='lat' dir='ltr'>Sed</span> <span class='ocrx_word' id='word_1_218' title='bbox 574 3042 677 3117; x_wconf 85' lang='lat' dir='ltr'>partim</span> <span class='ocrx_word' id='word_1_219' title='bbox 693 3059 799 3097; x_wconf 88' lang='lat' dir='ltr'>memo·</span> <span class='ocrx_word' id='word_1_220' title='bbox 848 3040 926 3098; x_wconf 87' lang='lat' dir='ltr'>Med.</span> <span class='ocrx_word' id='word_1_221' title='bbox 948 3040 1052 3119; x_wconf 82' lang='lat' dir='ltr'>aliique</span> <span class='ocrx_word' id='word_1_222' title='bbox 1076 3040 1168 3117; x_wconf 82' lang='lat' dir='ltr'>plures</span> <span class='ocrx_word' id='word_1_223' title='bbox 1191 3040 1343 3117; x_wconf 78' lang='lat' dir='ltr'>repraesen-</span> 
     </span>
     <span class='ocr_line' id='line_1_28' title="bbox 308 3120 1343 3200; baseline -0.002 -21"><span class='ocrx_word' id='word_1_224' title='bbox 308 3124 366 3189; x_wconf 72' lang='lat' dir='ltr'>rim,</span> <span class='ocrx_word' id='word_1_225' title='bbox 390 3121 493 3197; x_wconf 87' lang='lat' dir='ltr'>partim</span> <span class='ocrx_word' id='word_1_226' title='bbox 522 3121 696 3178; x_wconf 84' lang='lat' dir='ltr'>librariorum</span> <span class='ocrx_word' id='word_1_227' title='bbox 719 3121 799 3188; x_wconf 86' lang='lat' dir='ltr'>vitio,</span> <span class='ocrx_word' id='word_1_228' title='bbox 848 3130 920 3189; x_wconf 80' lang='lat' dir='ltr'>tant,</span> <span class='ocrx_word' id='word_1_229' title='bbox 932 3120 1001 3200; x_wconf 85' lang='lat' dir='ltr'>quod</span> <span class='ocrx_word' id='word_1_230' title='bbox 1018 3121 1108 3188; x_wconf 80' lang='lat' dir='ltr'><em>vivit;</em></span> <span class='ocrx_word' id='word_1_231' title='bbox 1131 3131 1159 3177; x_wconf 84' lang='lat' dir='ltr'>et</span> <span class='ocrx_word' id='word_1_232' title='bbox 1176 3141 1237 3178; x_wconf 83' lang='lat' dir='ltr'>eam</span> <span class='ocrx_word' id='word_1_233' title='bbox 1251 3121 1343 3196; x_wconf 84' lang='lat' dir='ltr'>scrip-</span> 
     </span>
     <span class='ocr_line' id='line_1_29' title="bbox 309 3200 1343 3277; baseline -0.002 -18"><span class='ocrx_word' id='word_1_234' title='bbox 309 3204 383 3277; x_wconf 84' lang='lat' dir='ltr'>apud</span> <span class='ocrx_word' id='word_1_235' title='bbox 398 3200 478 3257; x_wconf 83' lang='lat' dir='ltr'>iilum</span> <span class='ocrx_word' id='word_1_236' title='bbox 491 3202 564 3257; x_wconf 81' lang='lat' dir='ltr'>haud</span> <span class='ocrx_word' id='word_1_237' title='bbox 580 3202 618 3257; x_wconf 77' lang='lat' dir='ltr'>ita</span> <span class='ocrx_word' id='word_1_238' title='bbox 630 3202 698 3258; x_wconf 83' lang='lat' dir='ltr'>bene</span> <span class='ocrx_word' id='word_1_239' title='bbox 711 3200 738 3257; x_wconf 85' lang='lat' dir='ltr'>se</span> <span class='ocrx_word' id='word_1_240' title='bbox 749 3204 800 3259; x_wconf 88' lang='lat' dir='ltr'>ha·</span> <span class='ocrx_word' id='word_1_241' title='bbox 848 3212 951 3268; x_wconf 81' lang='lat' dir='ltr'>turam,</span> <span class='ocrx_word' id='word_1_242' title='bbox 964 3221 1028 3259; x_wconf 89' lang='lat' dir='ltr'>cum</span> <span class='ocrx_word' id='word_1_243' title='bbox 1044 3200 1119 3259; x_wconf 70' lang='lat' dir='ltr'>roua</span> <span class='ocrx_word' id='word_1_244' title='bbox 1135 3202 1282 3269; x_wconf 85' lang='lat' dir='ltr'>videretur,</span> <span class='ocrx_word' id='word_1_245' title='bbox 1297 3222 1343 3257; x_wconf 83' lang='lat' dir='ltr'>re·</span> 
     </span>
     <span class='ocr_line' id='line_1_30' title="bbox 308 3280 1344 3360; baseline -0.001 -21"><span class='ocrx_word' id='word_1_246' title='bbox 308 3286 363 3341; x_wconf 77' lang='lat' dir='ltr'>bet.</span> <span class='ocrx_word' id='word_1_247' title='bbox 387 3283 434 3339; x_wconf 90' lang='lat' dir='ltr'>Ad</span> <span class='ocrx_word' id='word_1_248' title='bbox 446 3282 518 3339; x_wconf 89' lang='lat' dir='ltr'>idem</span> <span class='ocrx_word' id='word_1_249' title='bbox 529 3292 726 3357; x_wconf 82' lang='lat' dir='ltr'>argumentum</span> <span class='ocrx_word' id='word_1_250' title='bbox 738 3302 800 3358; x_wconf 81' lang='lat' dir='ltr'>per·</span> <span class='ocrx_word' id='word_1_251' title='bbox 848 3282 927 3360; x_wconf 85' lang='lat' dir='ltr'>cepi:</span> <span class='ocrx_word' id='word_1_252' title='bbox 950 3302 1016 3340; x_wconf 88' lang='lat' dir='ltr'>nam</span> <span class='ocrx_word' id='word_1_253' title='bbox 1030 3284 1122 3339; x_wconf 76' lang='lat' dir='ltr'>ninere</span> <span class='ocrx_word' id='word_1_254' title='bbox 1135 3293 1164 3340; x_wconf 83' lang='lat' dir='ltr'>ot</span> <span class='ocrx_word' id='word_1_255' title='bbox 1175 3282 1266 3359; x_wconf 79' lang='lat' dir='ltr'>vigere</span> <span class='ocrx_word' id='word_1_256' title='bbox 1277 3280 1344 3359; x_wconf 79' lang='lat' dir='ltr'>pas·</span> 
     </span>
     <span class='ocr_line' id='line_1_31' title="bbox 309 3362 1345 3439; baseline 0 -20"><span class='ocrx_word' id='word_1_257' title='bbox 309 3364 410 3429; x_wconf 74' lang='lat' dir='ltr'>tinent,</span> <span class='ocrx_word' id='word_1_258' title='bbox 429 3382 493 3438; x_wconf 83' lang='lat' dir='ltr'>quae</span> <span class='ocrx_word' id='word_1_259' title='bbox 513 3382 546 3419; x_wconf 85' lang='lat' dir='ltr'>ex</span> <span class='ocrx_word' id='word_1_260' title='bbox 568 3362 715 3439; x_wconf 84' lang='lat' dir='ltr'>Porphyrii</span> <span class='ocrx_word' id='word_1_261' title='bbox 728 3364 800 3420; x_wconf 83' lang='lat' dir='ltr'>Gra·</span> <span class='ocrx_word' id='word_1_262' title='bbox 849 3364 897 3420; x_wconf 84' lang='lat' dir='ltr'>fim</span> <span class='ocrx_word' id='word_1_263' title='bbox 918 3362 1016 3439; x_wconf 84' lang='lat' dir='ltr'>jungit</span> <span class='ocrx_word' id='word_1_264' title='bbox 1038 3364 1145 3421; x_wconf 83' lang='lat' dir='ltr'>Cicero.</span> <span class='ocrx_word' id='word_1_265' title='bbox 1173 3362 1255 3423; x_wconf 77' lang='lat' dir='ltr'>vide,</span> <span class='ocrx_word' id='word_1_266' title='bbox 1269 3362 1345 3420; x_wconf 88' lang='lat' dir='ltr'>Ter·</span> 
     </span>
     <span class='ocr_line' id='line_1_32' title="bbox 308 3440 1301 3521; baseline 0 -20"><span class='ocrx_word' id='word_1_267' title='bbox 308 3444 390 3501; x_wconf 83' lang='lat' dir='ltr'>dibus</span> <span class='ocrx_word' id='word_1_268' title='bbox 411 3440 526 3501; x_wconf 84' lang='lat' dir='ltr'>servavit</span> <span class='ocrx_word' id='word_1_269' title='bbox 547 3444 680 3510; x_wconf 77' lang='lat' dir='ltr'>Stoboeus,</span> <span class='ocrx_word' id='word_1_270' title='bbox 702 3444 801 3521; x_wconf 87' lang='lat' dir='ltr'>Eclog.</span> <span class='ocrx_word' id='word_1_271' title='bbox 849 3444 999 3501; x_wconf 78' lang='lat' dir='ltr'>tullianum</span> <span class='ocrx_word' id='word_1_272' title='bbox 1014 3445 1048 3501; x_wconf 88' lang='lat' dir='ltr'>de</span> <span class='ocrx_word' id='word_1_273' title='bbox 1061 3442 1161 3501; x_wconf 85' lang='lat' dir='ltr'>Auim.</span> <span class='ocrx_word' id='word_1_274' title='bbox 1174 3463 1235 3520; x_wconf 87' lang='lat' dir='ltr'><strong>cap.</strong></span> <span class='ocrx_word' id='word_1_275' title='bbox 1253 3461 1301 3521; x_wconf 69' lang='lat'>192</span> 
     </span>
     <span class='ocr_line' id='line_1_33' title="bbox 309 3521 1346 3601; baseline -0.002 -18"><span class='ocrx_word' id='word_1_276' title='bbox 309 3524 390 3601; x_wconf 85' lang='lat' dir='ltr'>Phys.</span> <span class='ocrx_word' id='word_1_277' title='bbox 403 3540 468 3601; x_wconf 80' lang='lat' dir='ltr'>pag.</span> <span class='ocrx_word' id='word_1_278' title='bbox 483 3542 531 3601; x_wconf 90' lang='lat'>91.</span> <span class='ocrx_word' id='word_1_279' title='bbox 545 3525 586 3582; x_wconf 89' lang='lat' dir='ltr'>ed.</span> <span class='ocrx_word' id='word_1_280' title='bbox 602 3526 694 3581; x_wconf 76' lang='lat' dir='ltr'>Antv.</span> <span class='ocrx_word' id='word_1_281' title='bbox 725 3524 799 3581; x_wconf 89' lang='lat' dir='ltr'>Cum</span> <span class='ocrx_word' id='word_1_282' title='bbox 889 3521 904 3560; x_wconf 71' lang='lat'>¹¹</span> <span class='ocrx_word' id='word_1_283' title='bbox 929 3524 1031 3599; x_wconf 78' lang='lat' dir='ltr'><em>Caelestc</em></span> <span class='ocrx_word' id='word_1_284' title='bbox 1041 3536 1066 3581; x_wconf 79' lang='lat' dir='ltr'>er</span> <span class='ocrx_word' id='word_1_285' title='bbox 1082 3524 1213 3597; x_wconf 77' lang='lat' dir='ltr'>divinum]</span> <span class='ocrx_word' id='word_1_286' title='bbox 1233 3523 1346 3601; x_wconf 83' lang='lat' dir='ltr'>Vulgo,</span> 
     </span>
     <span class='ocr_line' id='line_1_34' title="bbox 309 3603 1345 3683; baseline 0.001 -22"><span class='ocrx_word' id='word_1_287' title='bbox 309 3604 409 3683; x_wconf 87' lang='lat' dir='ltr'>primis</span> <span class='ocrx_word' id='word_1_288' title='bbox 422 3616 514 3662; x_wconf 75' lang='lat' dir='ltr'>autem</span> <span class='ocrx_word' id='word_1_289' title='bbox 529 3606 638 3681; x_wconf 81' lang='lat' dir='ltr'>egregia</span> <span class='ocrx_word' id='word_1_290' title='bbox 652 3603 726 3672; x_wconf 83' lang='lat' dir='ltr'>sunt,</span> <span class='ocrx_word' id='word_1_291' title='bbox 737 3624 801 3681; x_wconf 80' lang='lat' dir='ltr'>quae</span> <span class='ocrx_word' id='word_1_292' title='bbox 850 3604 943 3679; x_wconf 73' lang='grc' dir='ltr'><em>κικίκβκ</em></span> <span class='ocrx_word' id='word_1_293' title='bbox 956 3624 987 3662; x_wconf 81' lang='lat' dir='ltr'>ac</span> <span class='ocrx_word' id='word_1_294' title='bbox 997 3604 1115 3662; x_wconf 75' lang='lat' dir='ltr'>divinem</span> <span class='ocrx_word' id='word_1_295' title='bbox 1127 3604 1183 3662; x_wconf 83' lang='lat' dir='ltr'>est:</span> <span class='ocrx_word' id='word_1_296' title='bbox 1204 3604 1251 3662; x_wconf 84' lang='lat' dir='ltr'>sed</span> <span class='ocrx_word' id='word_1_297' title='bbox 1271 3604 1345 3662; x_wconf 85' lang='lat' dir='ltr'>ulti-</span> 
     </span>
     <span class='ocr_line' id='line_1_35' title="bbox 309 3684 1344 3763; baseline 0.003 -22"><span class='ocrx_word' id='word_1_298' title='bbox 309 3684 432 3763; x_wconf 85' lang='lat' dir='ltr'>disputat</span> <span class='ocrx_word' id='word_1_299' title='bbox 453 3684 596 3760; x_wconf 81' lang='lat' dir='ltr'>Longinus</span> <span class='ocrx_word' id='word_1_300' title='bbox 618 3686 692 3762; x_wconf 80' lang='lat' dir='ltr'>opud</span> <span class='ocrx_word' id='word_1_301' title='bbox 715 3684 801 3742; x_wconf 88' lang='lat' dir='ltr'>Euse-</span> <span class='ocrx_word' id='word_1_302' title='bbox 850 3704 926 3741; x_wconf 82' lang='lat' dir='ltr'>mam</span> <span class='ocrx_word' id='word_1_303' title='bbox 934 3704 1029 3744; x_wconf 83' lang='lat' dir='ltr'>vocem</span> <span class='ocrx_word' id='word_1_304' title='bbox 1040 3706 1097 3743; x_wconf 89' lang='lat' dir='ltr'>non</span> <span class='ocrx_word' id='word_1_305' title='bbox 1108 3684 1344 3763; x_wconf 79' lang='lat' dir='ltr'>agnoscuntReg.</span> 
     </span>
     <span class='ocr_line' id='line_1_36' title="bbox 309 3764 1059 3843; baseline 0 -20"><span class='ocrx_word' id='word_1_306' title='bbox 309 3768 399 3835; x_wconf 88' lang='lat' dir='ltr'>bium,</span> <span class='ocrx_word' id='word_1_307' title='bbox 429 3767 516 3841; x_wconf 78' lang='lat' dir='ltr'>Praep.</span> <span class='ocrx_word' id='word_1_308' title='bbox 544 3764 651 3843; x_wconf 82' lang='lat' dir='ltr'>Evang.</span> <span class='ocrx_word' id='word_1_309' title='bbox 681 3766 728 3822; x_wconf 91' lang='lat' dir='ltr'>Iib.</span> <span class='ocrx_word' id='word_1_310' title='bbox 753 3783 800 3828; x_wconf 80' lang='lat' dir='ltr'>xv.</span> <span class='ocrx_word' id='word_1_311' title='bbox 850 3764 925 3822; x_wconf 85' lang='lat' dir='ltr'>Med.</span> <span class='ocrx_word' id='word_1_312' title='bbox 948 3766 1059 3823; x_wconf 81' lang='lat' dir='ltr'>BallioI.</span> 
     </span>
     <span class='ocr_line' id='line_1_37' title="bbox 309 3842 1345 3924; baseline 0 -21"><span class='ocrx_word' id='word_1_313' title='bbox 309 3868 370 3923; x_wconf 80' lang='lat' dir='ltr'>cap.</span> <span class='ocrx_word' id='word_1_314' title='bbox 384 3866 429 3904; x_wconf 84' lang='lat'>21.</span> <span class='ocrx_word' id='word_1_315' title='bbox 892 3842 900 3880; x_wconf 79' lang='lat'><strong>¹</strong></span> <span class='ocrx_word' id='word_1_316' title='bbox 926 3848 982 3904; x_wconf 76' lang='lat' dir='ltr'>Nec</span> <span class='ocrx_word' id='word_1_317' title='bbox 1000 3866 1061 3903; x_wconf 84' lang='lat' dir='ltr'>vero</span> <span class='ocrx_word' id='word_1_318' title='bbox 1081 3845 1298 3924; x_wconf 75' lang='lat' dir='ltr'><em>Deus—sentiens</em></span> <span class='ocrx_word' id='word_1_319' title='bbox 1319 3856 1345 3904; x_wconf 76' lang='lat' dir='ltr'>et</span> 
     </span>
    </p>

    <p class='ocr_par' dir='ltr' id='par_1_5' title="bbox 311 3924 1350 4167">
     <span class='ocr_line' id='line_1_38' title="bbox 351 3924 1345 4006; baseline -0.001 -21"><span class='ocrx_word' id='word_1_320' title='bbox 351 3926 361 3963; x_wconf 50' lang='lat'>¹⁴</span> <span class='ocrx_word' id='word_1_321' title='bbox 377 3924 729 4004; x_wconf 68' lang='lat' dir='ltr'>Ufitarisnnffquenanris]</span> <span class='ocrx_word' id='word_1_322' title='bbox 745 3926 799 3983; x_wconf 84' lang='lat' dir='ltr'>Le·</span> <span class='ocrx_word' id='word_1_323' title='bbox 848 3924 965 4000; x_wconf 78' lang='lat' dir='ltr'>movens]</span> <span class='ocrx_word' id='word_1_324' title='bbox 992 3928 1064 3985; x_wconf 80' lang='lat' dir='ltr'>Haec</span> <span class='ocrx_word' id='word_1_325' title='bbox 1090 3928 1194 4006; x_wconf 80' lang='lat' dir='ltr'>profert</span> <span class='ocrx_word' id='word_1_326' title='bbox 1219 3926 1345 3986; x_wconf 67' lang='lat' dir='ltr'>Lauar-</span> 
     </span>
     <span class='ocr_line' id='line_1_39' title="bbox 311 4006 1350 4085; baseline 0.004 -24"><span class='ocrx_word' id='word_1_327' title='bbox 311 4010 433 4081; x_wconf 80' lang='lat' dir='ltr'>gendum</span> <span class='ocrx_word' id='word_1_328' title='bbox 451 4008 570 4083; x_wconf 67' lang='lat' dir='ltr'>ossrans,</span> <span class='ocrx_word' id='word_1_329' title='bbox 585 4016 616 4063; x_wconf 76' lang='lat' dir='ltr'>ut</span> <span class='ocrx_word' id='word_1_330' title='bbox 637 4008 799 4064; x_wconf 85' lang='lat' dir='ltr'>monuimus</span> <span class='ocrx_word' id='word_1_331' title='bbox 848 4007 914 4073; x_wconf 80' lang='lat' dir='ltr'>tius,</span> <span class='ocrx_word' id='word_1_332' title='bbox 930 4008 995 4065; x_wconf 85' lang='lat' dir='ltr'>Inst.</span> <span class='ocrx_word' id='word_1_333' title='bbox 1014 4006 1081 4066; x_wconf 89' lang='lat' dir='ltr'>Div.</span> <span class='ocrx_word' id='word_1_334' title='bbox 1096 4010 1145 4069; x_wconf 88' lang='lat' dir='ltr'>Iib.</span> <span class='ocrx_word' id='word_1_335' title='bbox 1159 4009 1178 4066; x_wconf 91' lang='lat' dir='ltr'>i.</span> <span class='ocrx_word' id='word_1_336' title='bbox 1192 4028 1254 4083; x_wconf 63' lang='lat' dir='ltr'>car).</span> <span class='ocrx_word' id='word_1_337' title='bbox 1271 4023 1303 4085; x_wconf 82' lang='lat'>5.</span> <span class='ocrx_word' id='word_1_338' title='bbox 1316 4020 1350 4065; x_wconf 76' lang='lat' dir='ltr'>ct</span> 
     </span>
     <span class='ocr_line' id='line_1_40' title="bbox 312 4088 1343 4167; baseline 0.004 -23"><span class='ocrx_word' id='word_1_339' title='bbox 312 4089 346 4145; x_wconf 78' lang='lat' dir='ltr'>nd</span> <span class='ocrx_word' id='word_1_340' title='bbox 360 4088 406 4143; x_wconf 86' lang='lat' dir='ltr'>Iib.</span> <span class='ocrx_word' id='word_1_341' title='bbox 419 4089 448 4143; x_wconf 88' lang='lat' dir='ltr'>ii.</span> <span class='ocrx_word' id='word_1_342' title='bbox 463 4090 495 4145; x_wconf 90' lang='lat' dir='ltr'>de</span> <span class='ocrx_word' id='word_1_343' title='bbox 510 4088 608 4146; x_wconf 82' lang='lat' dir='ltr'>Divin.</span> <span class='ocrx_word' id='word_1_344' title='bbox 622 4106 683 4163; x_wconf 83' lang='lat' dir='ltr'>cap.</span> <span class='ocrx_word' id='word_1_345' title='bbox 700 4104 747 4143; x_wconf 80' lang='lat'>22.</span> <span class='ocrx_word' id='word_1_346' title='bbox 848 4108 880 4142; x_wconf 84' lang='lat' dir='ltr'>cx</span> <span class='ocrx_word' id='word_1_347' title='bbox 892 4108 924 4143; x_wconf 85' lang='lat' dir='ltr'>eo</span> <span class='ocrx_word' id='word_1_348' title='bbox 935 4088 1170 4167; x_wconf 52' lang='lat' dir='ltr'>Salvianus,Gub2</span> <span class='ocrx_word' id='word_1_349' title='bbox 1181 4090 1247 4159; x_wconf 79' lang='lat' dir='ltr'>Dei,</span> <span class='ocrx_word' id='word_1_350' title='bbox 1256 4089 1309 4149; x_wconf 86' lang='lat' dir='ltr'>iib.</span> <span class='ocrx_word' id='word_1_351' title='bbox 1322 4091 1343 4148; x_wconf 87' lang='lat' dir='ltr'>i.</span> 
     </span>
    </p>

    <p class='ocr_par' dir='ltr' id='par_1_6' title="bbox 350 4166 949 4247">
     <span class='ocr_line' id='line_1_41' title="bbox 350 4166 949 4247; baseline 0.012 -27"><span class='ocrx_word' id='word_1_352' title='bbox 350 4174 365 4215; x_wconf 70' lang='lat'>⁸</span> <span class='ocrx_word' id='word_1_353' title='bbox 385 4167 466 4240; x_wconf 70' lang='lat' dir='ltr'>Qud</span> <span class='ocrx_word' id='word_1_354' title='bbox 478 4168 556 4237; x_wconf 80' lang='lat' dir='ltr'>vinit,</span> <span class='ocrx_word' id='word_1_355' title='bbox 569 4168 637 4247; x_wconf 85' lang='lat' dir='ltr'>quod</span> <span class='ocrx_word' id='word_1_356' title='bbox 647 4166 735 4245; x_wconf 79' lang='lat' dir='ltr'><em>viget]</em></span> <span class='ocrx_word' id='word_1_357' title='bbox 765 4171 799 4225; x_wconf 88' lang='lat' dir='ltr'>In</span> <span class='ocrx_word' id='word_1_358' title='bbox 848 4186 908 4247; x_wconf 76' lang='lat' dir='ltr'>cap.</span> <span class='ocrx_word' id='word_1_359' title='bbox 925 4188 949 4227; x_wconf 88' lang='lat'>1.</span> 
     </span>
    </p>
   </div>
   <div class='ocr_carea' id='block_1_5' title="bbox 0 0 1431 4859">
    <p class='ocr_par' dir='ltr' id='par_1_7' title="bbox 0 0 1431 4859">
     <span class='ocr_line' id='line_1_42' title="bbox 0 0 1431 4859; baseline 0 0"><span class='ocrx_word' id='word_1_360' title='bbox 0 0 1431 4859; x_wconf 95' lang='lat' dir='ltr'> </span> 
     </span>
    </p>
   </div>
  </div>
 </body>
</html>
