2817 4859
188 371 192 380 ·
267 317 367 420 με’
480 345 672 408 auscun.
701 345 1094 407 nrsrora‘rrononr

269 505 327 595 fit,
343 529 419 602 quo
445 502 584 580 facilius
630 507 799 582 robetur:
827 503 918 580 nihil
945 505 997 578 est
1013 505 1108 596 enim
1126 503 1306 592 omnium,

270 627 354 702 quae
379 602 416 678 in
441 531 666 702 philosophia
690 603 902 690 tradantur,
919 605 1018 702 quod
1045 600 1186 706 gravius
1203 599 1308 704 mag'-

271 703 546 802 nifacentiosque
580 701 745 780 dicatur:
787 728 882 794 nam,
910 713 924 748 ⁰
937 727 1023 776 cum
1052 703 1173 800 aliqua
1201 701 1311 798 caula

270 801 452 900 impulerit
469 828 544 894 eos,
560 799 624 900 qui
640 801 747 900 primi
765 797 798 878 se
822 803 868 883 ad
891 799 1128 902 philosophiae
1146 802 1309 896 studium

271 904 515 992 contulerunt,
544 923 598 992 ut,
623 900 791 978 omnibus
822 903 926 976 rebus
956 901 1179 1000 posthabitis,
1207 913 1307 1001 totos

271 1003 307 1076 le
335 1001 373 1076 in
399 1001 539 1101 optimo
563 998 649 1074 vitae
675 1001 769 1076 statu
801 997 1024 1098 exquirendo
1057 1000 1306 1095 collocarem:

268 1102 436 1200 profedlo
454 1101 513 1198 spe
531 1101 632 1174 beate
650 1100 796 1174 vivendi
814 1118 949 1174 tantam
976 1099 1081 1183 ineo
1101 1101 1306 1196 studiofcu'7

269 1226 346 1276 ram
370 1213 586 1299 operamque
611 1197 817 1298 posuerunt.
869 1199 1023 1290 Quodsi
1042 1203 1086 1272 ab
1105 1197 1158 1272 his
1176 1198 1307 1274 inven-

268 1319 307 1374 ta
330 1316 366 1373 et
390 1299 552 1399 perfetta
570 1297 680 1374 virtus
704 1300 769 1390 est,
786 1317 822 1373 et
847 1295 1047 1402 fipraestdii
1065 1299 1108 1372 ad
1127 1301 1231 1398 beate
1250 1296 1308 1371 vi-

268 1401 430 1474 vendum
452 1398 490 1470 in
515 1395 645 1472 virtute
663 1397 742 1470 saris
758 1398 832 1472 est:
860 1392 940 1496 quis
957 1399 1021 1488 est,
1040 1399 1102 1496 qui
1120 1411 1191 1470 non
1208 1423 1307 1498 prae-

269 1499 364 1574 clare
380 1517 416 1572 et
432 1499 478 1570 ab
496 1492 566 1570 illis
583 1495 731 1593 positam
756 1515 792 1568 et
816 1523 837 1570 a
863 1497 965 1572 nobis
985 1493 1187 1596 ¹susceptam
1214 1520 1307 1596 ope7

267 1623 346 1674 ram
374 1592 652 1695 philosophandi
676 1594 896 1690 arbitretur?
948 1597 1010 1670 Sin
1040 1615 1159 1668 autem
1188 1598 1308 1692 virtus

267 1697 431 1792 subjeeta
455 1695 520 1768 sub
546 1693 660 1767 varios
684 1691 909 1792 incertosque
937 1696 1035 1770 casus
1065 1695 1198 1768 famula
1228 1695 1308 1769 for·

267 1813 367 1872 tunae
392 1795 445 1870 est
455 1827 468 1884 ς
494 1819 560 1868 nec
578 1813 755 1868 tantarum
773 1791 905 1868 virium
922 1795 985 1884 est,
1003 1814 1044 1868 ut
1061 1793 1094 1867 se
1112 1794 1185 1906 ipra
1202 1804 1307 1871 tuea-

267 1914 351 1970 tur:
379 1919 516 1983 vereor,
533 1919 577 1966 ne
602 1919 678 1966 non
701 1909 775 1966 tam
793 1891 932 1968 virtutis
958 1893 1094 1968 fiducia
1112 1898 1307 1972 nitendum

267 1994 373 2068 nobis
400 1995 447 2066 ad
472 1995 570 2090 spem
595 1993 696 2069 beate
716 1988 873 2081 vivendi,
894 2019 1003 2090 quam
1029 2013 1112 2068 vota
1138 1995 1307 2069 facienda

266 2091 468 2164 videantur.
519 2089 702 2188 Equidem
718 2117 778 2164 eos
795 2094 904 2180 casus,
919 2091 934 2138 d
948 2094 983 2164 in
1002 2093 1132 2190 quibus
1151 2119 1208 2164 me
1228 2093 1307 2166 for-

267 2207 355 2264 tuna
371 2191 601 2263 vehementer
617 2189 792 2274 exercuit,
810 2215 954 2264 mecum
971 2190 1043 2289 ipse
1061 2193 1305 2280 considerans,

266 2289 376 2362 ehuic
395 2289 530 2387 incipio
546 2287 729 2362 sententiae
747 2289 936 2364 diffidere:
964 2291 1144 2363 interdum
1171 2309 1207 2363 et
1232 2293 1304 2364 hu-

266 2389 362 2464 mani
391 2387 528 2487 generis
558 2387 842 2462 imbecillitatem
877 2389 1176 2488 fragilitatemque
1205 2391 1305 2464 exti-

266 2489 444 2563 mescere:
471 2513 593 2561 vereor
605 2485 715 2576 enim,
736 2513 778 2560 ne
803 2505 939 2576 natura,
957 2513 1042 2562 cum
1060 2515 1210 2588 corpora
1234 2515 1304 2563 no-

266 2586 322 2658 bis
348 2587 491 2658 infirma
518 2585 682 2670 dediffet,
700 2577 824 2683 hisqire
853 2605 889 2658 et
920 2589 1064 2663 morbos
1090 2588 1306 2676 insanabiles

266 2701 303 2757 et
324 2685 463 2758 dolores
489 2683 729 2758 intolerabiles
753 2686 980 2784 adjunxiffet,
998 2689 1136 2760 animos
1150 2713 1303 2787 quoque

306 2965 319 2994 ⁶
343 2955 409 3014 (lum
429 2955 525 3034 aliqua
538 2956 616 3034 carafa
630 2955 757 3034 impulerit
805 2955 907 3015 Ordin.
921 2977 949 3036 p.
966 2973 1034 3034 524.
1060 2961 1102 3018 ’Ῐῐι
1121 2960 1216 3027 labore,
1228 2963 1304 3042 pati·

263 3035 316 3109 eos]
337 3035 445 3114 Vulgo,
459 3055 499 3094 ea.
528 3039 579 3093 Sed
600 3057 634 3094 ex
654 3038 757 3094 oratio·
804 3040 884 3103 entia,
898 3037 1012 3117 bonisque
1029 3044 1162 3120 (σαφής
1175 3059 1203 3100 et
1211 3045 1303 3119 fidis

266 3117 310 3173 nie
327 3116 415 3174 dudlu
434 3125 512 3193 patet
533 3117 610 3174 illam
626 3118 755 3174 voculam
795 3117 913 3192 sortibus
947 3123 1114 3179 exercitando.
1141 3123 1239 3182 ‘oute
1271 3139 1305 3184 et

260 3199 326 3254 loco
346 3216 402 3257 non
422 3197 588 3268 convenire3
612 3217 754 3275 quaprop·
806 3197 846 3256 ita
860 3199 928 3278 legit
942 3199 1055 3258 Nonius
1069 3204 1098 3258 in
1112 3206 1235 3273 exercere,
1248 3207 1302 3266 ubi

264 3291 307 3337 ter
332 3277 481 3354 legendum
503 3277 593 3356 aliqua
614 3298 679 3334 eum
709 3278 755 3336 Cl.
804 3279 878 3338 hunc
892 3281 1005 3340 adducit
1018 3281 1121 3340 locum.
1174 3287 1176 3298 '

264 3357 400 3426 Bentleio‚
415 3358 457 3415 vel
471 3357 600 3438 quaedam,
613 3358 688 3437 quod
709 3379 755 3416 eo·
843 3368 856 3395 ⁸
881 3362 951 3417 Huic
970 3363 1059 3440 incipio
1069 3359 1206 3442 smtatieiae
1227 3359 1302 3447 diffi-

262 3439 327 3496 dean
344 3437 422 3496 redit.
803 3437 878 3498 dere.-
899 3439 1025 3498 interdum
1047 3445 1080 3499 et'
1092 3443 1201 3504 laumas·
1217 3465 1301 3522 gene-

304 3516 318 3556 ἆ
337 3521 372 3576 ln
391 3518 483 3596 quibus
502 3537 540 3576 me
550 3519 663 3594 fortuna
676 3521 755 3578 veho·
803 3521 853 3593 ris]
877 3521 1104 3600 lnterpundlione
1116 3530 1225 3588 mantela
1238 3523 1302 3586 nia·

263 3614 358 3662 armar
377 3599 502 3673 aecrcua't]
522 3599 590 3658 Non
615 3613 683 3666 erat,
704 3617 755 3658 cur
804 3597 864 3667 lim,
886 3601 944 3671 haic
962 3605 1053 3684 incipio
1064 3605 1205 3681 starcheri&
1227 3605 1303 3683 dff-

263 3680 419 3738 Lambinus
433 3680 628 3758 praepnsttioacm
642 3681 754 3739 deleret.
802 3681 860 3739 dere
878 3681 1015 3750 interdum,
1034 3683 1182 3744 ardemani
1196 3691 1303 3763 gereris

263 3760 363 3819 Cicero
375 3780 427 3838 pro
439 3761 556 3827 Archia,
568 3779 594 3817 c.
611 3761 651 3818 xi.
691 3761 754 3819 Glo-
798 3761 998 3820 imbecillitatem
1008 3765 1241 3846 'fragilitatemque
1254 3789 1302 3828 aa·

153 3902 160 3920 ,
263 3839 418 3920 mquidem
432 3838 677 3914 Aceraerajunccs,
692 3839 756 3920 quid
803 3841 938 3920 timescerc3
962 3848 1211 3920 quemadmodum,
1233 3863 1300 3928 pm.

260 3919 385 3998 (stquod
399 3921 428 3978 ia
448 3920 491 3978 boc
511 3931 565 3977 tam
583 3921 755 3997 caiguovitae
803 3925 886 3979 hante
917 3923 1014 3992 Buteo,
1042 3927 1134 3985 locum
1169 3931 1301 3990 distinxit

262 4001 386 4058 curriculo
397 4016 422 4058 et
441 4011 496 4058 tam
515 3999 690 4070 berahtran&
709 4023 753 4058 nos
796 4001 866 4060 MS.
893 4003 1084 4082 Gryphianus.
1126 4005 1175 4069 Sic
1210 4013 1297 4070 etiam

262 4079 293 4142 in
307 4081 445 4138 laboribus
463 4085 659 4140 exerceamus?
691 4083 752 4147 Sal·
801 4084 872 4162 Reg.
887 4082 1069 4150 et‘l'ithoean.
1143 4115 1146 4122 ·

262 4157 369 4229 iustine,
377 4161 463 4241 Epist.
475 4160 495 4220 i.
506 4163 541 4220 ad
551 4163 622 4223 Caes.
634 4163 668 4228 de
678 4163 753 4262 ξαρ.
