2817 4859
289 324 331 385 62
500 320 692 383 TUSCUL.
719 316 1109 381 DISPUTATIONUM

290 485 398 557 altera
414 480 597 564 Australis,
615 476 737 576 ignota
752 478 868 569 nobis,
884 490 1030 577 mquatu
1046 492 1180 551 vocant
1197 475 1333 549 Graeci

290 583 497 677 'Avvsxbun
524 596 665 651 caeteras
682 594 796 676 partes
812 576 976 667 incultas,
989 578 1090 672 quod
1106 592 1168 649 aut
1185 574 1332 671 frigore

293 678 430 777 rigeant
455 695 517 751 aut
532 692 680 749 urantur
696 678 813 748 calore
828 706 839 760 3
866 674 927 747 hic
952 692 1084 761 autem,
1100 674 1162 749 ubi
1181 670 1332 747 babita-

247 856 251 865 ,
290 800 382 868 mus,
401 798 473 849 non
491 774 693 848 intermittit
709 774 774 847 suo
788 790 950 871 tempore

258 876 260 883 ¹
376 889 500 954 Caelum
515 904 529 931 ¹¹
539 888 700 968 nitescere,
716 890 843 953 arbores
856 886 1065 968 frondescerm

374 974 466 1039 Vites
480 974 613 1039 laetifice
627 973 785 1059 pampinis
798 974 978 1060 pubescere,

365 1058 468 1124 uani
481 1060 648 1123 baccarum
664 1058 808 1121 ubertate
822 1057 1045 1137 incurvescere,

376 1147 508 1231 Segetcs
522 1142 629 1229 largiri
643 1143 763 1229 fruges,
778 1143 888 1209 florere
902 1142 1030 1240 omnia,⁸

376 1230 493 1291 Fontes
507 1228 633 1309 scatere,
648 1226 755 1291 herbis
767 1240 859 1317 prata
872 1227 1067 1292 convestirier
1075 1252 1086 1308 3

290 1362 370 1420 tum
396 1342 662 1415 multitudinem
686 1343 866 1439 pecudum
883 1340 1013 1439 partim
1028 1343 1073 1413 ad
1090 1336 1329 1433 vescendum,

289 1441 420 1541 partim
449 1444 493 1513 ad
521 1443 637 1513 cultus
662 1466 840 1537 agrorum,
868 1437 997 1539 partim
1023 1437 1068 1511 ad
1097 1438 1325 1526 vehendum,

290 1540 420 1639 partim
448 1542 493 1613 ad
519 1564 668 1637 corpora
693 1539 895 1625 vestienda3
920 1538 1175 1635 hominemque
1201 1537 1326 1636 ipsum

292 1638 390 1735 quali
417 1638 734 1735 contemplatorem
761 1635 842 1711 caeli
867 1662 908 1709 ac
936 1640 1097 1726 deorum,
1121 1662 1325 1734 eorumque

292 1740 489 1821 cultorem;
515 1756 622 1831 atque
649 1734 804 1809 bominis
828 1733 972 1807 utilitati
988 1749 1004 1779 ⁰
1016 1760 1117 1832 agros
1141 1760 1268 1827 omnes
1284 1756 1326 1809 et

292 1836 402 1909 maria
424 1834 606 1932 parentia:
634 1835 714 1907 haec
740 1833 848 1930 igitur
863 1848 926 1906 Pet
943 1831 1025 1907 talia
1047 1834 1326 1909 innumerabilia

292 1960 377 2007 cunr
396 1932 594 2017 cernimus;
613 1932 840 2029 pollirmusne
856 1930 1032 2017 dubitare,
1049 1930 1136 2028 quin
1152 1930 1210 2005 bis
1225 1958 1326 2030 prae-

290 2033 335 2103 tit
352 2030 479 2127 aliquis
496 2032 552 2103 vel
569 2030 733 2119 effector,
753 2030 796 2111 (fi
812 2030 888 2101 baec
914 2047 995 2103 nata
1010 2030 1103 2119 sunt,
1121 2048 1162 2103 ut
1178 2030 1332 2122 Platoni.

291 2131 446 2223 viderur)
464 2130 521 2200 vel
540 2132 578 2217 (ᾗ
596 2128 732 2225 semper
752 2127 909 2218 suerunt,
926 2146 967 2201 ut
983 2127 1166 2201 Aristoteli
1183 2132 1323 2227 placet)

291 2230 494 2304 moderator
523 2224 610 2299 tanti
635 2224 751 2325 operis
777 2244 814 2299 et
844 2225 1025 2301 muneris?
1070 2226 1129 2299 Sic
1160 2246 1324 2301 mentem

291 2323 461 2414 hominis,
486 2324 648 2420 quamvis
670 2348 750 2397 eam
776 2349 849 2397 non
871 2324 1004 2411 videas,
1030 2342 1070 2398 ut
1096 2324 1218 2411 Deum
1245 2352 1323 2400 non

291 2426 390 2497 vides
402 2456 413 2508 3
439 2442 571 2512 tamen,
589 2442 629 2495 ut
647 2424 767 2496 Deum
787 2423 948 2521 agnoscis
972 2448 1018 2495 ex
1042 2422 1210 2521 operibus
1231 2427 1323 2521 ejus,

291 2522 340 2593 src
364 2546 409 2593 ex
435 2518 603 2593 memoria
633 2546 750 2593 rerum
781 2541 816 2593 et
841 2521 1046 2594 inventione
1073 2541 1109 2593 et
1138 2522 1322 2597 celeritate

291 2638 410 2713 motus
435 2616 603 2713 oninique
624 2616 892 2717 pulchritudine
907 2618 1048 2693 virtutis
1065 2617 1142 2713 vim
1158 2620 1323 2696 divinam

291 2714 631 2813 mentisagnoscito.
682 2716 724 2789 ln
742 2740 814 2812 quo
831 2716 940 2817 igitur
955 2720 1039 2792 loco
1057 2718 1110 2792 est
1126 2719 1139 2791 l

330 2922 354 2953 ω
375 2918 466 2989 Quam
484 2932 577 2973 cocart
593 2917 679 2974 Graecr'
692 2912 782 2973 Ἀντί·
829 2920 929 2978 etalii.
962 2918 1125 2978 Gebhardua
1141 2937 1227 2997 prave
1244 2918 1324 2978 dedit

290 2995 403 3075 χθονα]
418 2998 461 3053 Sic
471 2998 541 3053 reste
549 2998 712 3055 Gebhardus
722 2996 782 3072 post
828 2999 1113 3079 mitescere-larisam.
1326 2997 1330 3006 '

289 3074 678 3135 ErasmumetC’racconiurn.
701 3078 780 3135 Nem
868 3084 883 3117 ⁰
908 3084 993 3155 Agros
1014 3098 1095 3137 omues
1114 3092 1140 3136 ct
1162 3078 1249 3135 maria
1272 3098 1324 3157 pa·

290 3154 382 3231 plures
404 3156 471 3211 editi
497 3175 553 3231 prae
574 3154 713 3213 feserunt
732 3153 781 3215 rir-
829 3160 932 3233 rentia]
960 3159 1063 3217 Elisus
1085 3180 1126 3236 pr.
1148 3170 1179 3216 et
1196 3160 1323 3219 Cantas.

289 3228 404 3307 τάξονα,
420 3254 484 3309 quae
497 3254 551 3291 vox
564 3236 601 3292 ell
616 3236 709 3293 nihili.
732 3238 780 3294 nd
829 3240 932 3297 babent
940 3240 1073 3316 porentia:
1089 3242 1253 3297 boecaulem
1268 3241 1323 3296 lec·

290 3325 384 3371 verant
416 3314 562 3371 lelliunem
587 3316 662 3390 quafi
694 3334 779 3373 manu
828 3319 869 3375 tio
882 3320 976 3377 minus
989 3318 1092 3376 arridet
1104 3338 1163 3397 prae
1174 3338 1218 3386 ea,
1231 3338 1322 3395 quam

289 3393 689 3453 ducuntcumaliiMSS.tum
700 3414 766 3453 max
828 3398 913 3475 vulgo
926 3398 1132 3475 repraesentant.
1168 3399 1322 3475 Virgilius,

291 3473 347 3529 ime
361 3474 431 3547 Reg.
446 3484 474 3528 et
486 3474 555 3531 Balr.
568 3476 618 3549 qui
630 3473 778 3551 repraesen·
827 3478 900 3535 AEn.
916 3480 933 3536 i.
948 3496 978 3550 3.

290 3560 354 3609 taut
376 3553 521 3609 antixoona.
562 3554 655 3611 Verbo
682 3556 779 3612 Graece
871 3557 1032 3635 quuamvir
1040 3556 1119 3617 ανὶᾰο
1129 3570 1263 3635 parerent
1276 3578 1323 3619 ar·

289 3632 392 3707 scripto
408 3632 563 3708 lincolaque
579 3635 682 3703 addita,
695 3636 779 3691 habes
906 3658 946 3695 va
958 3638 1049 3696 colono.

289 3714 530 3770 ΛΝἹῚΧΘΟΝΑ.
579 3714 658 3771 Hinc
696 3716 778 3771 Anti·
826 3716 904 3774 Hine
919 3718 978 3794 rfirs
994 3717 1141 3776 mortalium
1150 3715 1252 3796 semper
1271 3738 1323 3776 an·

288 3792 403 3848 rhedones
411 3790 479 3848 dieu
489 3790 561 3858 sunt,
571 3791 619 3865 qui
627 3810 688 3849 eam
698 3802 780 3850 terrae
826 3796 887 3854 ailla
899 3805 978 3857 terrae
990 3796 1095 3857 dieitur
1106 3797 1209 3866 Plinio,
1222 3798 1266 3856 H.
1279 3799 1321 3857 N.
1396 3839 1397 3850 2

289 3880 396 3945 partem
406 3872 542 3929 incolunt.
561 3870 632 3928 Vide
643 3873 777 3949 Pompon.
826 3874 875 3934 lib.
886 3876 916 3933 ii.
931 3897 957 3935 c.
973 3879 1024 3951 63.
1252 3907 1256 3913 ·

289 3948 407 4017 Melam,
421 3952 469 4007 lib.
483 3952 503 4007 i.
517 3968 599 4026 mpp.
615 3970 640 4009 1.
654 3968 683 4027 9.
864 3963 879 4003 ⁹
899 3958 936 4014 Et
948 3956 1029 4031 talia]
1050 3956 1099 4015 Est
1117 3976 1153 4015 ex
1171 3956 1321 4017 Gulielmii

329 4032 343 4061 ¹¹
361 4028 647 4105 ll'itesccre-Iaetpsrae]
673 4031 719 4089 Sie
737 4033 780 4091 E«
823 4035 994 4115 coujedlura.
1022 4038 1129 4117 Vulgo,
1141 4052 1167 4097 er
1178 4040 1245 4097 alia.

287 4102 405 4194 palmus,
428 4108 588 4182 Mauricius,
612 4111 776 4187 Lambinus,
1262 4164 1266 4171 .
