2817 4859
422 343 602 433 sonum
627 366 829 440 ouvraro,
854 369 882 430 a.
1081 388 1139 447 401

114 564 201 623 vero,
221 566 299 611 cum
319 544 501 626 humarum,
522 544 704 625 modestius,
718 543 937 627 verecundius,
953 554 1023 611 tum
1042 546 1139 613 etiarn

113 644 286 732 sapientius
298 646 403 713 multo
426 661 460 713 et
480 647 566 714 re&
584 647 673 735 quod
691 648 782 713 airmt
796 645 844 712 via
864 667 932 711 rem
951 647 1138 735 reputavisti.

113 745 205 813 Quid
225 746 312 814 enim
333 747 392 814 tibi
413 748 551 815 obfuerit
563 748 651 835 apud
661 769 771 836 tequea
783 747 995 827 oeffimatoroa,
1017 749 1038 813 fi
1061 748 1140 837 quid

93 848 195 916 ,mihi
208 863 282 937 apte
295 850 329 915 in
342 862 485 917 mentem
496 852 628 934 venerit,
638 864 672 919 te
683 850 815 919 foriaffie
828 850 998 937 effugerit?
1022 873 1138 940 nempe

113 949 184 1015 aliia
211 950 460 1019 oorrefflonibua
487 952 678 1019 subtiliflime
705 950 893 1039 excogitatis
920 950 1047 1019 abunde
1074 952 1151 1019 hoc.

113 1050 323 1138 compensaae
346 1072 462 1139 nempe
480 1052 544 1117 hoc
564 1050 650 1119 idem
664 1049 833 1131 viatorio,
848 1049 1025 1130 Manutioa,
1039 1052 1137 1119 lam·

112 1150 218 1233 binos,
238 1152 407 1234 Gmteroe,
430 1152 509 1219 aliea
530 1152 708 1240 effugante
731 1164 766 1219 at
785 1172 867 1239 quoa
888 1150 991 1217 viros?
1021 1151 1139 1239 quibua
1202 1194 1210 1219 -,

115 1274 273 1340 oupemm
299 1255 496 1320 Gramrianae
525 1254 674 1322 editionis
696 1254 892 1321 reeottorem
917 1274 1137 1334 annumerare,

117 1369 148 1419 et
157 1352 260 1442 stellis
272 1354 420 1419 maculam
430 1356 578 1445 spargere
595 1355 742 1435 candidis,
757 1353 838 1419 mihi
860 1354 933 1419 sane
952 1352 1063 1443 religio
1084 1342 1139 1420 est.

115 1456 189 1521 Hoa
201 1454 296 1538 inter,
311 1478 392 1545 quoa
409 1471 448 1523 tu
465 1459 512 1523 ita
533 1456 681 1544 sequeria,
695 1468 734 1523 ut
755 1456 835 1543 saepe
854 1476 910 1527 eoa
930 1455 1139 1543 consequaris,

116 1558 197 1645 sape
218 1559 398 1641 anteoedaa,
420 1560 520 1649 fiquid
541 1560 601 1626 tibi
620 1572 678 1627 aut
697 1570 865 1649 peccatum
888 1558 971 1625 forte
996 1571 1052 1624 aut
1074 1580 1139 1625 non

115 1660 313 1749 perspettum
334 1661 442 1743 fuerit,
463 1684 527 1728 non
541 1664 672 1729 verebor
684 1684 726 1727 ne
747 1684 833 1729 ame
855 1662 1038 1729 admonitus
1050 1686 1141 1729 mor-

114 1761 218 1828 dearia
232 1776 265 1830 et
277 1777 383 1829 mutes
396 1764 556 1845 eororam,
578 1764 709 1844 nedum,
723 1764 951 1853 quodquidam
966 1766 1140 1831 facereso-

113 1858 174 1945 let,
188 1864 344 1952 rumpatis
357 1864 483 1947 invidia,
496 1866 561 1930 bile
573 1878 608 1931 et
620 1864 694 1930 felle
708 1864 908 1944 intumescas,
923 1886 983 1951 pus
1005 1862 1141 1951 denique
1156 1933 1160 1941 ,

114 1979 150 2031 et
163 1986 321 2031 venenum
335 1965 368 2030 in
389 1965 609 2031 immerentem
629 1962 784 2031 effundat.
827 1964 1044 2053 Quamobrem
1065 1976 1143 2029 nota

114 2066 198 2133 mihi
211 2080 245 2133 et
259 2068 395 2155 spatiata
416 2081 473 2133 tua
490 2067 648 2154 probitate
668 2066 814 2147 confisus,
828 2066 940 2155 opellae
954 2065 1030 2133 huie
1045 2088 1140 2155 quam

114 2192 135 2235 a
148 2192 203 2235 me
216 2168 317 2256 exigis
329 2190 462 2235 manum
476 2166 546 2255 jam
558 2168 733 2250 admoneor
755 2166 891 2235 candide
903 2166 1063 2255 libereque
1078 2167 1140 2233 im·

116 2273 303 2361 pertituros,
317 2272 416 2361 equid
428 2274 462 2339 in
474 2271 611 2339 lettione
632 2270 728 2339 semel
742 2271 896 2337 duntaxat
908 2269 1022 2335 iterata
1035 2270 1140 2335 obser-

116 2372 254 2439 vaverim
281 2373 351 2457 (scia
371 2372 457 2439 enim
479 2394 543 2437 una
562 2371 698 2440 alterave
717 2368 842 2435 diecula
858 2368 921 2435 hoo
933 2367 1084 2454 quicquid
1098 2368 1142 2432 est

115 2474 198 2541 mihi
219 2488 331 2539 natum
352 2474 426 2554 effe)
445 2472 534 2560 quod
555 2485 612 2539 aut
631 2470 673 2537 ad
686 2472 854 2537 verborum
877 2468 1064 2535 sententiam
1083 2482 1140 2533 aut
1233 2536 1238 2543 ,

116 2574 267 2641 oannis
287 2574 458 2661 puritatem
478 2573 617 2661 spatiata
640 2592 715 2639 nom
727 2570 913 2639 minutiores
926 2568 995 2633 illas
1008 2569 1140 2635 varieta-

117 2693 179 2757 tea,
196 2700 270 2765 quae
289 2698 392 2764 neque
413 2676 536 2743 sensum
557 2697 662 2763 neque
682 2676 859 2741 sermonem
881 2672 1052 2759 quicquam
1071 2673 1139 2737 affi-

117 2780 222 2859 ciant,
235 2779 290 2846 atii
310 2778 448 2860 cuidam,
462 2778 518 2866 qui
537 2778 572 2845 in
585 2778 649 2851 hoa
662 2776 820 2845 mtuiaoeo
833 2774 1003 2843 laureolam
1018 2775 1141 2864 querit,

119 2884 235 2953 lubens
248 2883 405 2971 relinquo.
