2817 4859
436 312 591 377 arnan
616 312 860 379 renatus,
1105 318 1161 403 1⁸9

116 474 303 574 quasdam
327 471 435 546 furias
460 472 624 547 immittit
639 490 747 574 atque
765 473 902 563 incitat,
920 476 1087 551 omnibus
1103 477 1159 551 vi-

119 574 230 648 ribus
255 591 364 669 atque
390 571 519 670 opibus
545 576 816 671 repugnandum
843 576 919 647 est:
946 576 974 648 fi
995 578 1162 649 volumus

124 672 220 757 hoc,
245 673 348 769 quod
377 673 500 744 datum
530 672 581 744 est
608 674 705 763 vitae,
732 672 922 769 tranquille
949 675 1162 773 placideque

122 774 333 845 traducere.
370 783 388 815 ¹¹
402 770 472 842 Sed
488 788 633 845 caeteras
649 772 757 845 alias:
786 796 880 845 nunc
898 770 1162 869 aegritudinem,

123 872 158 943 fi
187 870 383 967 possumus,
401 869 641 967 depellamus;
668 871 704 943 id
729 868 824 943 enirn
849 870 892 941 fit
915 872 1162 969 proposrtum3

126 966 433 1067 quandoquidem
457 993 536 1043 eam
559 987 599 1043 tu
616 968 729 1042 videri
751 966 817 1043 tibi
842 967 878 1040 in
896 968 1088 1065 sapientem
1104 996 1167 1044 ca-

127 1070 220 1141 dere
238 1064 359 1138 dixisti
378 1096 388 1139 ε
415 1068 513 1164 quod
535 1092 603 1163 ego
620 1070 722 1141 nullo
739 1069 848 1140 modo
863 1066 1052 1141 existimo:
1076 1086 1167 1143 tetta

130 1168 236 1239 enim
254 1190 307 1237 res
323 1166 386 1249 est,
401 1165 537 1255 misera,
551 1166 790 1251 detestabilis·‚
807 1166 908 1245 omni
924 1168 1166 1253 contentione,
1196 1240 1198 1247 ,

130 1266 227 1339 velis
244 1281 284 1337 ut
303 1262 352 1336 ita
368 1263 487 1337 dicam
503 1265 677 1363 remisque
695 1264 875 1361 fuglenda.

187 1362 277 1435 XII.
302 1360 428 1437 Qualis
444 1362 540 1435 enim
557 1364 624 1437 tibi
643 1364 702 1438 ille
720 1364 862 1435 videtur

179 1509 319 1576 Tantalo
332 1524 518 1597 prognatus,
533 1510 647 1598 Pelope
662 1527 766 1590 natus,
779 1518 792 1545 ⁰
802 1510 856 1597 qui
870 1510 1030 1598 quondam
1046 1510 1168 1576 asoeru

181 1598 353 1661 OEnomao
366 1618 442 1683 rege
456 1596 712 1684 Hippodameam
727 1610 740 1648 Ρ
753 1597 849 1683 raptis
864 1598 996 1668 traetu’st
1009 1596 1153 1683 nuptiis?

182 1682 272 1748 Jovia
285 1680 340 1745 iste
354 1680 482 1767 quidem
495 1704 665 1769 pronepos,
675 1714 804 1735 ——-·

134 1816 283 1927 Tamne
299 1841 386 1913 ergo
401 1816 573 1913 abjedlus,
591 1788 735 1915 tamque
753 1814 887 1889 fndus
905 1814 918 1887 l

183 1963 301 2029 Nolite
318 1961 439 2051 (inquit)
456 1962 594 2049 hospites
609 1963 650 2029 ad
663 1984 716 2027 me
727 1960 814 2029 adire
828 1962 912 2027 illico
926 1961 1003 2043 illic,

184 2051 241 2113 Ne
254 2048 406 2135 contagio
421 2070 493 2111 mea
505 2048 598 2111 bonis
612 2050 760 2112 umbrave
775 2048 852 2113 obsit
866 2074 874 2110 ι

184 2133 315 2222 ’[Μιο]
331 2146 423 2215 tanta
435 2132 480 2196 vis
494 2132 616 2197 sceleris
630 2134 663 2197 in
678 2156 809 2221 corpore
822 2132 934 2197 haeret.

143 2268 212 2341 Tu
226 2284 275 2357 te,
290 2266 461 2364 Thyesta,
477 2265 661 2339 damnabis
684 2265 895 2361 orbabisque
925 2266 1005 2337 luce
1030 2281 1175 2361 propter

146 2367 231 2443 vim
261 2364 396 2439 sceleris
428 2364 564 2437 alieni?
623 2362 724 2437 Quid
750 2364 873 2435 rillum
905 2362 1022 2435 filium
1051 2362 1172 2437 Solia?

149 2488 273 2537 nonne
285 2464 390 2561 patris
406 2463 513 2560 ipfius
529 2464 609 2535 luce
627 2460 816 2559 indignum
834 2479 935 2559 putas
951 2460 964 2533 ?

192 2610 352 2710 Belligere
365 2608 471 2686 oculi3
493 2628 608 2695 corpus
619 2606 721 2672 macie
735 2606 877 2704 extabuit
890 2630 899 2685 ς

192 2701 348 2764 Iacnmae
361 2693 511 2780 peredere
524 2692 660 2757 humore
673 2692 763 2756 exsan
822 2710 950 2777 egenas
962 2713 972 2770 ς

194 2781 292 2846 ⁰Situ
304 2779 423 2844 nidoris
436 2779 533 2843 barba
542 2776 670 2867 pedore
681 2776 768 2842 botri
821 2788 871 2841 at·

156 3002 225 3080 quin
238 2999 316 3060 enim
337 3019 393 3057 non
406 2998 476 3055 dicit
489 2996 599 3064 Noster,
613 2997 643 3054 in
691 2994 783 3052 nasius
795 2992 901 3073 nuptiis.
935 2991 987 3049 Sed
1004 2991 1085 3069 raptis
1097 2990 1134 3049 est
1149 2990 1179 3051 in

154 3102 238 3161 quem
277 3082 373 3138 locum
416 3078 644 3155 perturbationes,
691 3076 763 3153 Reg.
775 3074 890 3151 aliisque
901 3072 984 3137 MSS.
1008 3072 1082 3130 Vide
1092 3073 1180 3133 Scho-

152 3164 232 3243 qoafi
245 3160 344 3228 suriae,
357 3160 495 3217 immittat
507 3156 633 3215 stultitia.
691 3154 788 3215 liasten
802 3154 837 3213 ad
850 3153 921 3211 Iliad
937 3148 970 3210 ξ’.
987 3170 1052 3227 104.

193 3252 210 3280 '¹
231 3241 412 3301 Sedcaeterm
420 3238 503 3311 osias]
517 3239 563 3297 Sic
572 3236 645 3294 neele
733 3244 747 3284 ³
764 3236 833 3293 Meo
842 3244 917 3293 tanta
926 3230 986 3307 vis]
1002 3232 1128 3291 Mettum
1139 3230 1181 3291 se·

152 3334 259 3382 veteres
273 3322 361 3379 editi:
383 3318 499 3381 refertur
513 3318 590 3375 enim
610 3317 646 3376 ad
692 3316 742 3381 cit,
766 3324 798 3373 ut
821 3316 892 3372 hane
916 3332 1010 3371 vocem
1036 3313 1081 3371 Cl.
1108 3314 1182 3369 Ben-

150 3402 367 3483 perturbationes.
406 3399 512 3475 Vulgo,
524 3411 616 3456 cetera.
693 3396 776 3453 tleiua
790 3394 943 3452 addiderit:
967 3396 1016 3451 hoa
1030 3392 1107 3450 enim
1120 3410 1181 3449 vem

196 3493 211 3521 ⁰
232 3476 559 3559 Qiquondanasocm]
574 3476 647 3535 Vul-
693 3476 738 3533 sua
753 3475 918 3533 Bacchiaeoa
932 3473 982 3531 effe
995 3472 1102 3551 primus
1121 3490 1182 3529 tuo·

155 3562 304 3643 gmsocero.
327 3562 379 3619 sed
390 3561 437 3619 Cl.
446 3557 588 3617 Bentleiua
598 3558 647 3614 hot
694 3556 758 3615 nuit
771 3556 815 3611 vir
827 3554 873 3612 ille
887 3554 1023 3613 summus.

155 3645 209 3702 else
218 3642 312 3702 versut
323 3642 431 3719 primun
441 3639 647 3703 animadvertit,
737 3645 746 3671 ‘
769 3632 949 3705 lllutnfilium
961 3633 1040 3705 Solis]
1055 3630 1184 3689 Testatur

156 3724 271 3802 casm
284 3725 354 3779 bene
367 3720 503 3798 reposuit:
524 3737 591 3775 nam
601 3716 648 3793 soss
695 3715 812 3773 Urstnus
826 3715 855 3771 in
871 3712 918 3772 suo
927 3724 1016 3773 vetere
1030 3712 1086 3789 legi
1096 3710 1184 3771 AEcta

157 3824 219 3863 crus
243 3813 269 3860 a
290 3801 424 3879 masculino
441 3818 533 3876 genere
552 3812 649 3855 veteres
686 3794 776 3869 filium
801 3792 877 3853 Solis.
918 3795 1020 3853 Saltem
1041 3791 1185 3849 Librarius

159 3884 213 3943 dici
231 3882 298 3961 poffe
315 3882 462 3947 manunt,
478 3893 512 3937 ut
531 3879 571 3935 ait
586 3878 649 3935 No·
697 3874 810 3935 scribere
823 3875 920 3933 debuit
929 3874 1043 3933 AEetan.
1071 3872 1123 3931 sed
1137 3872 1188 3931 illa

36 4010 43 4027 .
161 3983 229 4022 mua
697 3956 792 4023 leello,
818 3956 837 4011 fi
859 3973 954 4012 revera
977 3952 1040 4011 talis
1066 3950 1186 4034 usquam

201 4007 332 4123 Ρᾞαμὶε
350 4042 459 4115 meust
475 4034 584 4118 meptiis]
607 4038 653 4097 Sie
700 4036 766 4105 suit,
781 4034 954 4093 Glossematis
968 4034 1005 4090 est
1018 4032 1186 4093 damnanda.

163 4126 251 4184 niam
267 4124 430 4183 Lambinus.
458 4120 562 4198 Vulgo,
575 4135 651 4197 raptu
741 4126 752 4153 ¹
774 4114 833 4175 sin
854 4112 960 4187 nidoris]
983 4114 1064 4175 Quid
1077 4114 1126 4172 fibi
1134 4132 1189 4251 dli
