2817 4859
289 337 335 418 90·
499 331 1111 398 ruscuL.u1s1³uurt1‘10NuM

291 497 430 582 metuit,
449 519 492 568 ne
510 493 668 568 laceretis
685 491 855 566 membris
874 490 992 564 minus
1011 493 1102 566 bene
1124 508 1262 580 utatur,
1275 517 1335 566 ne

290 594 497 679 combustis,
517 619 588 665 non
605 591 816 666 extimescit.

331 731 341 763 ‘
363 725 439 790 Neu
454 723 615 808 relliquias
630 723 669 786 fic
686 745 773 786 rneas
787 723 863 803 stris,
879 723 1050 788 denudatis
1064 723 1190 802 ollibus,

217 811 221 822 '
330 812 429 874 Tetra
441 809 523 874 sanie
538 807 696 872 delibutas
712 807 795 872 foede
809 809 994 874 divexarier.

289 931 377 1005 Non
394 929 557 1028 intelligo
579 929 666 1026 quid
691 947 838 1014 metuat,
856 953 941 1001 curn
965 946 1039 1000 tam
1064 929 1178 1000 bonos
1202 927 1327 1026 septe-

288 1027 403 1102 narios
420 1029 546 1102 fundat
563 1032 607 1100 ad
626 1028 764 1102 tibiam.
816 1029 1032 1100 Tenendum
1050 1027 1102 1098 est
1122 1023 1243 1122 igitur,
1261 1027 1327 1099 ni-

287 1127 340 1200 hil
366 1129 564 1200 curandum
591 1127 659 1200 esse
686 1128 766 1225 post
792 1143 956 1216 mortem,
978 1149 1063 1198 cum
1087 1125 1221 1196 umulti
1247 1125 1325 1198 ini-

288 1225 401 1298 micos
430 1226 536 1298 etiam
567 1243 726 1300 mortuos
752 1226 973 1323 poeniuntur.
1024 1222 1237 1296 Exsecratur
1259 1225 1325 1297 lu·

287 1323 438 1398 culentis
454 1327 534 1398 sane
551 1326 709 1399 verfibus
733 1326 829 1422 apud
851 1323 1010 1397 Ennium
1026 1322 1213 1418 Thyestes,
1240 1322 1323 1418 pri-

286 1447 389 1495 mum
405 1443 447 1498 ut
463 1423 647 1520 naufragio
662 1439 783 1521 pereat
794 1425 936 1496 Atreus.
968 1422 1113 1494 Durum
1125 1420 1200 1521 ¹hoc
1215 1421 1321 1493 sane:

286 1521 365 1593 talis
387 1522 483 1595 eninr
510 1521 670 1596 interitus
695 1545 768 1596 non
794 1523 846 1594 est
869 1522 943 1594 fine
959 1518 1060 1618 gravi
1087 1519 1199 1592 sensu.
1250 1520 1324 1592 Illa

287 1619 418 1710 inania,

326 1759 342 1788 ¹
363 1747 431 1835 lpse
445 1748 576 1814 summis
589 1747 668 1813 saxis
683 1749 763 1814 fixus
777 1749 903 1836 asperis,
918 1747 1117 1828 evisceratus,

300 1842 302 1848 '
326 1836 443 1984 Lateret
462 1834 615 1920 pendens,
633 1835 703 1898 saxa
724 1835 873 1922 spargens
892 1836 981 1913 tabo,
1002 1833 1086 1898 sanie
1108 1844 1143 1898 et
1160 1833 1321 1920 sunguine

410 1941 430 1984 a
444 1941 492 1985 ro.

283 2037 371 2114 Non
390 2037 463 2135 ipsa
488 2039 569 2111 saxa
592 2040 704 2138 magis
730 2041 832 2113 sensu
854 2036 954 2111 omni
970 2040 1184 2128 rvacabant,
1202 2065 1316 2136 quam

282 2135 343 2209 ille
359 2137 466 2209 latere
483 2139 652 2234 pendens,
670 2137 729 2210 cui
747 2139 780 2209 se
799 2137 857 2210 hic
880 2135 1079 2210 cruciatum
1100 2137 1219 2212 censet
1244 2165 1314 2237 op-

281 2249 367 2308 tare.
417 2237 564 2310 ²Quam
589 2237 700 2309 essent
724 2240 824 2324 dura,
850 2236 878 2308 fi
905 2235 1068 2310 sentiret!
1108 2237 1207 2310 nulla
1235 2237 1312 2312 stne

280 2333 394 2408 sensu.
445 2335 541 2407 Illud
559 2361 643 2408 vero
658 2361 831 2435 perquam
847 2334 950 2408 inane
966 2362 977 2408 t

319 2535 330 2568 ¹
349 2533 415 2590 Neu
436 2532 563 2610 relliquias
576 2532 611 2588 sic
625 2551 700 2588 meru
714 2532 771 2588 stris
819 2532 904 2596 boeus,
913 2531 998 2588 Serm.
1010 2530 1102 2588 cxxiv.
1116 2531 1160 2590 ed.
1170 2531 1312 2590 Areten.

278 2613 404 2668 -Tetra
406 2611 498 2686 sanie]
521 2611 628 2686 VulgO,
646 2611 704 2667 Heu
720 2612 771 2667 rel·
858 2619 873 2646 ¹
891 2609 1070 2689 Ipsisumnrr‘s]
1082 2611 1231 2668 Trochaici
1247 2612 1313 2670 sunt

278 2691 372 2767 liquios
382 2689 495 2767 semiaffi
505 2691 663 2766 regis—Per
675 2705 771 2748 terrum
818 2691 983 2756 Acataledli,
997 2709 1067 2766 quor
1087 2691 1165 2768 prius
1181 2691 1312 2749 confusos

268 2769 345 2848 sanic
357 2773 409 2828 &e
449 2774 491 2828 Ar
511 2771 617 2828 codices
638 2789 686 2827 neu
699 2771 768 2828 rcII'·
818 2771 864 2830 Cl.
878 2771 1020 2828 Bentleius
1032 2770 1104 2828 rede
1115 2769 1261 2848 disposuit.

276 2849 467 2930 quiass'emirrffl
477 2851 526 2907 rris
540 2851 581 2908 vel
590 2848 768 2928 semirffsau,
856 2860 870 2899 y
887 2850 1033 2924 Vocabarrt]
1049 2852 1153 2928 Vulgo,
1162 2849 1310 2920 vacabrurr,

276 2931 350 2989 unde
383 2930 567 2998 certissimam,
595 2933 644 2988 nisr
675 2931 767 2999 fallor,
815 2950 865 2988 uec
891 2932 972 2988 aliter
991 2928 1115 3008 plerique
1138 2931 1222 2988 MSS.
1265 2935 1310 2989 At
1397 2971 1401 2980 -

275 3012 497 3069 emendationem
510 3013 585 3068 dedit
596 3011 767 3069 acutissimus
814 3011 957 3069 Vislorius
977 3012 1064 3068 edidit
1083 3010 1229 3079 vacabam,
1250 3031 1309 3088 quo

276 3091 427 3148 Bentleius.
469 3091 547 3158 Siris,
560 3093 659 3149 siveris.
694 3092 766 3149 Vide
814 3092 1058 3168 modolegendum
1072 3090 1122 3148 else
1136 3089 1308 3169 resipsade-

274 3171 303 3248 J.
323 3171 367 3228 Fr.
388 3171 561 3247 Gronoviurn
586 3173 620 3228 ad
646 3171 722 3229 Livii
743 3173 763 3229 i.
813 3171 956 3230 monstrat.

275 3267 325 3324 32.
851 3261 865 3289 ²
889 3253 974 3326 (ruam
986 3250 1172 3329 effert-mlle
1174 3252 1235 3325 stne
1241 3252 1306 3328 serr·

316 3336 329 3366 ¹¹
350 3330 435 3388 Multi
447 3330 556 3388 inimicos
569 3331 644 3388 rtirrm
656 3345 764 3388 mortius
801 3330 851 3408 su]
872 3333 978 3408 Vulgo,
991 3345 1086 3389 contr-u
1104 3332 1188 3389 Mss.
1209 3329 1308 3399 fidem,

187 3413 191 3423 ’
268 3409 432 3491 poeniuntur]
464 3412 572 3467 Laudat
593 3412 706 3468 Nonius
733 3412 762 3468 in
810 3413 974 3480 dant,nulla
983 3415 1043 3489 stne
1053 3412 1130 3490 smju
1152 3411 1235 3481 sunt5
1257 3413 1306 3472 sed

269 3493 414 3569 puniuntur
427 3500 454 3548 et
464 3493 580 3569 punitur.
615 3493 680 3549 Huc
694 3491 763 3549 facit
811 3492 894 3550 facile
926 3493 1012 3570 potest
1046 3493 1166 3568 intelligi
1192 3492 1306 3552 verbum

273 3573 418 3648 Cambysrs
437 3571 553 3638 facinus,
566 3571 641 3648 quod
656 3591 762 3629 tnetno·
801 3571 1003 3649 substantivum.
1034 3572 1132 3629 Forsan
1146 3591 1211 3630 vero
1224 3584 1308 3631 totus

271 3663 315 3709 rat
333 3653 501 3719 Herodotus,
515 3653 564 3708 lib.
579 3651 621 3709 iii.
635 3671 696 3730 cap.
716 3655 761 3710 16.
811 3653 886 3710 locus
913 3655 952 3711 ita
979 3653 1128 3728 legendus:
1154 3673 1305 3731 quanquam

271 3733 345 3790 Vide
358 3743 385 3789 et
397 3733 493 3789 lib.ix.
503 3751 565 3810 cap.
575 3732 623 3809 78.
644 3734 687 3790 De
698 3753 762 3810 pra·
809 3733 883 3810 rffnt
896 3732 972 3799 dura,
979 3736 1008 3810 st
1017 3732 1143 3810 sentirctr
1163 3733 1306 3810 rullafiu

271 3831 381 3871 vovero
396 3815 447 3870 hac
460 3810 760 3890 consuetudinelegrrn·
799 3813 887 3890 sensu.
916 3814 980 3870 Hoc
994 3815 1076 3870 modo
1088 3813 1197 3870 tollitur
1207 3814 1304 3872 excla-

270 3901 319 3949 tur
331 3894 409 3950 Plato
422 3893 456 3950 de
471 3894 543 3970 Rep.
556 3893 605 3958 lib.
614 3911 640 3947 v.
652 3913 680 3968 p.
690 3893 758 3969 376.
808 3894 906 3963 matio,
921 3913 986 3970 quae
999 3893 1084 3950 videri
1098 3893 1175 3970 poffit
1191 3894 1303 3972 impor-

212 3973 214 3978 ’
269 3973 416 4031 edAmst.
438 3972 607 4040 Aristoteles,
617 3972 697 4031 Rhet.
710 3974 758 4033 lib.
808 3985 885 4039 tuna,
904 3993 955 4030 nee
973 3975 1096 4032 dubitari
1115 3974 1213 4050 potest,
1227 3975 1302 4052 quin

270 4051 301 4108 ii.
320 4070 345 4107 c.
358 4053 399 4111 iii.
415 4071 462 4110 22.
485 4053 624 4112 Diodorus
642 4054 760 4121 Siculus,
808 4054 975 4130 syllabarum
1005 4055 1214 4132 duplicaturum
1243 4074 1304 4119 uua

271 4131 400 4210 Excerpt.
416 4135 505 4192 Vales.
519 4154 548 4213 p.
567 4134 633 4194 282.
648 4143 676 4192 et
696 4135 759 4194 Sto·
807 4133 907 4214 saepius
919 4135 1080 4199 omittatur.
