2817 4859
397 407 558 468 LIBER
584 409 875 472 SECUNDUS.
1102 416 1155 494 165

118 567 314 657 exsultant,
339 569 576 643 lamentantur
604 570 641 642 in
666 572 820 644 morbo:
849 570 938 645 nihil
966 570 1062 644 enim
1086 597 1154 671 po-

119 668 194 742 test
207 667 276 742 effe
291 670 480 765 aequabile,
497 672 596 766 quod
622 696 695 742 non
717 696 738 743 a
763 689 858 744 certa
882 669 1015 744 ratione
1040 673 1152 768 profi-

120 768 285 842 ciscatur.
338 769 408 840 Sed
431 768 540 841 ¹‘cum
556 769 675 842 videas
694 795 773 856 eos,
791 770 852 867 qui
878 789 940 843 aut
960 771 1076 844 studio
1093 789 1153 844 aut

116 867 290 964 opinione
307 868 493 957 ducantur,
511 867 547 941 in
573 892 617 940 eo
638 869 881 967 persequendo
898 886 1005 966 atque
1022 870 1152 968 adipis-

3 1054 8 1058 ,
120 969 250 1057 tendo,
281 968 404 1040 dolore
431 993 505 1040 uon
531 967 683 1066 frang13·
705 971 833 1042 debeas
862 967 1060 1041 existimare
1090 987 1151 1040 aut

116 1091 194 1139 uon
227 1067 296 1140 else
326 1069 474 1154 malum,
504 1069 691 1153 dolorem;
727 1086 788 1141 aut
818 1066 951 1140 etiamfi
977 1067 1152 1164 quicquid

116 1165 284 1264 asperum
301 1165 546 1264 ¹alienumque
563 1193 584 1240 a
599 1185 724 1240 natura
745 1168 802 1256 fit,
821 1165 858 1238 id
881 1165 1049 1266 appellari
1075 1169 1152 1264 pla-

120 1285 201 1338 ceat
224 1267 373 1354 malum,
390 1267 569 1338 tantulum
593 1284 712 1339 tamen
738 1267 819 1354 elle,
846 1285 886 1338 ut
911 1267 1078 1338 avirtute
1103 1265 1153 1338 ita

115 1366 304 1454 obruatur,
335 1383 375 1437 ut
407 1365 581 1462 nusquam
613 1383 790 1465 appareat.
843 1367 933 1439 Quae
968 1363 1151 1450 meditare,

119 1465 258 1560 quaeso,
275 1464 351 1537 dies
365 1481 402 1536 et
417 1467 560 1537 hodes:
586 1466 691 1537 latius
708 1465 803 1538 enim
825 1463 984 1537 manabit
1000 1465 1078 1538 haec
1096 1489 1152 1536 ra-

118 1563 197 1647 tio;
222 1582 256 1634 et
272 1564 454 1660 aliquanto
472 1564 639 1659 majorem
655 1568 790 1655 locum,
809 1589 918 1662 quam
935 1565 979 1636 de
996 1589 1069 1636 uno
1087 1565 1152 1636 do-

114 1663 208 1750 lore,
227 1663 430 1760 occupabit.
483 1663 624 1734 Namfi
647 1663 767 1736 omnia
790 1661 970 1761 fugiendae
997 1663 1152 1761 turpitu-

117 1761 213 1834 dinis
229 1760 537 1874 adipiscendaeque
554 1761 745 1836 honestatis
764 1765 867 1835 caula
883 1762 1065 1851 faciemus,
1079 1786 1152 1834 non

118 1863 231 1932 modo
256 1862 416 1933 stimulos
439 1862 584 1952 doloris,
606 1863 664 1934 sed
691 1863 798 1934 etiam
822 1859 975 1934 fulmina
998 1860 1153 1936 fortunae

118 1979 391 2034 contemnamus
418 1959 566 2034 licebit:
593 1959 787 2058 praesertim
811 1985 896 2034 cum
924 1979 1085 2057 paratum
1107 1959 1153 2032 fit

119 2059 212 2131 illud
226 2083 273 2131 ex
287 2059 447 2132 hesterna
462 2058 698 2156 disputatione
715 2059 930 2158 perfugium.
982 2059 1037 2132 Ut
1053 2058 1151 2132 enirn

117 2156 231 2230 ficui
254 2159 447 2256 naviganti,
473 2159 657 2258 praedones
680 2157 919 2256 insequantur,
944 2158 1042 2230 Deus
1069 2158 1150 2256 quis

118 2255 265 2342 dixerit,
295 2257 394 2356 Ejice
429 2280 463 2330 te
492 2258 599 2342 navi;
639 2259 768 2355 praesto
803 2259 854 2330 est
887 2255 949 2354 qui
983 2258 1150 2355 excipiat,

115 2357 224 2429 ”vet
250 2355 452 2457 Delphinus
481 2374 523 2430 ut
548 2355 721 2429 Arionem
745 2354 1065 2453 Methymnaeam
1093 2358 1151 2432 vel

118 2623 483 2703 baau,tanquaaaglorioj'ect
492 2625 608 2702 fcdciter
656 2621 716 2683 deal
736 2620 837 2704 τιμῶσι
852 2613 878 2702 a}
893 2609 1043 2700 diapenta.
1076 2621 1150 2679 Vide

113 2705 181 2762 vita
197 2705 333 2784 nasum:
354 2705 563 2764 lourmtabontur
581 2707 609 2763 in
658 2705 780 2762 Platonis
807 2705 955 2762 Menexen.
986 2719 1054 2778 pag.
1077 2719 1148 2774 403.

114 2783 297 2864 notbaqwfi
306 2785 609 2865 turpitcretmiserabili-
656 2787 701 2843 ed.
731 2785 823 2861 Lugd.
853 2803 916 2860 quae
942 2784 1036 2840 laudat
1062 2783 1149 2840 etiam

115 2867 293 2944 expuam.
333 2869 398 2925 Hoc
417 2867 490 2925 idem
504 2867 610 2925 Graecia
658 2867 794 2932 Stoboeua,
819 2865 906 2922 Serm.
927 2862 1016 2922 xlviii.
1035 2882 1064 2938 p.
1078 2877 1149 2938 353.

114 2948 611 3023 qmqueuouaullievidebatar.Cle·
659 2947 703 3006 ed.
724 2947 797 3004 Aur.
818 2944 878 3002 All.
906 2943 1052 3010 Tacitum,
1073 2943 1150 3000 Hist.

117 3043 215 3094 m,
232 3028 333 3086 strom.
347 3030 386 3086 ir.
403 3049 470 3106 pag.
485 3042 553 3107 570.
566 3028 610 3086 ed.
660 3048 687 3083 r.
696 3045 727 3100 4.
740 3027 839 3083 Aram.
849 3022 1059 3088 Marcellinum,
1067 3022 1148 3080 xxiii.

117 3106 218 3166 Oxou.
245 3110 279 3165 Oi
292 3108 408 3167 παλαιοὶ
424 3108 451 3166 δὲ
471 3107 526 3167 τῶν
543 3104 609 3188 παρ’
659 3107 687 3164 6.
710 3105 788 3162 xxxi.
805 3123 833 3162 a.
855 3115 883 3162 et
903 3103 1099 3180 Lampridium
1119 3105 1149 3160 in

109 3183 231 3262 ‘Euam
244 3187 299 3246 raia
314 3189 341 3246 ἐν
361 3186 478 3269 πολέμῳ
499 3190 611 3246 duobo-
658 3187 741 3247 Alex.
758 3187 864 3255 Severo,
879 3203 903 3242 c.
918 3183 978 3240 lxii.

117 3263 219 3326 re‘rrorr
234 3265 284 3344 τὴν
303 3267 434 3343 τελευτὴν
446 3268 610 3336 ἐπαινοῦσιν,
701 3264 715 3303 '¹
736 3265 803 3325 Cum
816 3264 907 3323 eadm
917 3284 955 3322 eos
969 3263 1019 3340 qui
1034 3265 1150 3338 autstu-

114 3349 151 3405 eu’
168 3342 201 3407 ri
221 3345 321 3421 βιαίως
335 3346 518 3422 ἀποθνήσκειν
538 3371 610 3429 oup-
658 3345 700 3406 dio
714 3361 761 3406 aut
781 3347 890 3424 opimone
903 3343 1044 3418 ducamur]
1066 3345 1147 3402 Reti·

113 3426 305 3499 tardona,
327 3426 397 3488 aaa·
425 3423 465 3489 ὅτι
494 3430 507 3488 ὁ
535 3426 610 3488 troad
653 3429 747 3485 ceuda
766 3447 823 3484 non
836 3427 945 3484 videtur
958 3425 1089 3484 Vaticani
1101 3443 1148 3482 co·

112 3507 241 3589 τόλεμν
254 3510 396 3576 nauminia,
409 3507 490 3586 ἀδεὴς
504 3509 540 3567 rai
553 3512 610 3569 &a-
656 3508 729 3567 dicis
742 3507 886 3584 scriptura,
900 3507 949 3584 qui
964 3505 1149 3582 representat,

113 3591 172 3646 vair
182 3585 377 3668 αἰἡλλακτιη,
390 3589 562 3667 ἀποτμηθεὶς
575 3588 612 3648 rai
658 3609 715 3646 cren
732 3587 821 3645 videas
843 3607 900 3662 quo
919 3585 983 3664 quis
1003 3597 1050 3642 aut
1060 3585 1149 3661 stadio

111 3666 263 3749 cuipam,
284 3667 328 3751 aad
348 3668 379 3728 ου’
397 3668 553 3750 upoaapoiv
575 3669 611 3750 τῇ
657 3669 962 3746 mopiamaeducatur.
986 3667 1028 3724 Ut
1040 3667 1148 3742 opinor,

112 3746 214 3832 ψυχῇ,
227 3748 275 3846 a'dl
289 3751 551 3832 κιημαλακιθεὶς,
564 3749 610 3808 ela
657 3751 733 3806 haud
749 3749 831 3806 male.
843 3773 847 3782 ·

112 3847 177 3908 πμ
205 3853 257 3899 τας
281 3853 374 3900 vaceae
398 3831 611 3911 ωάσχουσινοὶ
698 3823 1079 3908 mammaemammal
1101 3825 1147 3881 Sic

110 3905 268 3990 ἅνθρωποι·
296 3909 532 3988 daaaaaiteorroa
550 3907 609 3990 γὰρ
655 3911 767 3968 Balliol.
780 3920 923 3968 etveteres
943 3908 1018 3967 editi.
1052 3905 1149 3981 Vulgo

110 3989 331 4072 &austasium
344 3989 370 4074 a}
385 3989 543 4073 ipupe'pavor
560 3991 611 4050 roi
655 3991 728 4048 deest
741 3991 907 4068 praepodtio.

114 4068 180 4150 ξῆν.
231 4074 309 4131 Hinc
339 4073 502 4132 Heraclitus
532 4073 609 4150 apud
696 4079 720 4108 ’ῃ
742 4069 895 4149 Delphinus,
908 4081 937 4126 ur
954 4065 1071 4126 Ariorum
1088 4067 1146 4122 Me-

109 4135 335 4223 Ilteodoremm,
353 4157 476 4231 'lber-ap.
495 4154 553 4212 viii.
579 4173 607 4230 p.
656 4149 826 4227 thammuz]
850 4149 928 4209 Nota
941 4147 1046 4212 sabula,
1060 4165 1146 4222 quam

116 4236 337 4311 117.ed.Com.
363 4229 608 4313 'heripertus-oi
657 4233 772 4290 tradunt
792 4229 963 4301 Herodotus,
986 4229 1006 4286 i.
1031 4245 1079 4300 23,
1100 4245 1147 4297 aa.

680 4331 702 4370 a
720 4330 737 4386 3
987 4309 1152 4368 Plutarchus
