2817 4859
238 399 274 480 'xi
340 427 343 434 ’
444 414 1047 478 ruscuumsrurnrrouunr

283 575 365 650 Vll.
395 577 438 649 A.
464 575 519 650 lta
534 573 675 673 jocaris,
693 574 791 671 quali
808 599 876 672 ego
897 575 1014 648 dicam
1031 601 1089 647 eos
1107 567 1264 670 miseros,

236 677 299 775 qui
318 675 389 772 nari
409 701 479 748 non
498 676 603 768 sunt:
630 687 655 720 ¹¹¹
670 692 705 745 et
732 699 804 745 non
828 699 887 746 eos
910 675 1065 761 miseros,
1083 675 1145 772 qui
1167 702 1266 748 mor-

236 777 291 850 tui
308 776 399 848 sunt.
435 773 494 846 M.
513 773 594 848 Effe
612 797 697 870 ergo
721 799 780 844 eos
797 771 898 845 dicis.
946 775 991 844 A.
1019 773 1136 846 Immo
1152 775 1267 872 nquia

235 899 309 965 non
335 875 404 945 fint
431 899 513 946 cum
538 871 681 960 fuerint,
703 897 763 943 eos
785 870 929 944 miseros
954 873 1035 944 effe.
1087 873 1146 945 M.
1166 873 1267 971 Pug-

237 971 358 1047 nantia
374 992 409 1045 te
427 972 528 1070 loqui
546 995 617 1043 non
634 971 734 1043 vides
751 971 763 1043 l
794 968 883 1067 quid
908 970 1003 1042 enirn
1024 989 1096 1044 ram
1114 992 1267 1072 pugnat,

237 1073 346 1172 quam
373 1096 444 1145 non
472 1073 582 1142 modo
606 1070 785 1158 miserum,
810 1070 870 1142 sed
897 1069 1044 1143 omnino
1070 1073 1268 1168 quicquam

238 1173 320 1258 esse,
346 1169 407 1268 qui
434 1195 504 1242 non
536 1171 601 1242 rit?
649 1170 708 1241 An
734 1185 774 1240 tu
801 1169 954 1266 egrellus
980 1187 1083 1266 porta
1109 1170 1267 1267 Capena,

239 1295 322 1343 cum
342 1267 505 1356 Calatini,
525 1265 748 1366 Scipionum,
771 1266 1014 1353 Serviliorum,
1031 1267 1269 1342 Metellorum

238 1368 422 1466 sepulchra
439 1367 550 1454 videa,
574 1365 716 1440 miseros
742 1384 843 1463 puras
864 1365 974 1441 illos?
1018 1369 1064 1440 A.
1084 1369 1269 1440 Quoniam

238 1491 296 1540 me
310 1468 419 1539 mbo
437 1466 578 1564 premis,
591 1465 737 1564 posthac
754 1491 824 1537 non
843 1465 892 1538 ita
909 1463 1038 1555 dicam,
1052 1467 1095 1537 mi
1107 1492 1177 1538 eros
1194 1469 1269 1564 effi,

239 1565 297 1638 sed
317 1583 456 1638 rantum
479 1565 616 1658 miseros,
634 1567 681 1638 ob
700 1565 737 1636 id
755 1563 870 1662 ipsum
888 1563 1058 1662 quianon
1079 1568 1169 1640 sunt.
1206 1567 1268 1639 M.

240 1659 327 1740 Non
354 1663 442 1736 dicis
470 1661 599 1761 igitur,¹
618 1664 710 1758 mistr
733 1663 844 1755 estM.
868 1663 1025 1760 Craffus3
1052 1665 1112 1737 sed
1127 1683 1272 1738 tantum

239 1764 332 1836 micr
358 1763 413 1836 M.
450 1762 592 1860 Craffus.
644 1764 689 1835 Α.
721 1763 774 1834 lta
801 1763 916 1859 plane.
967 1763 1026 1836 M.
1055 1766 1164 1837 Quasi
1195 1789 1274 1836 non

239 1863 376 1936 neceffe
404 1863 448 1935 fit
474 1861 650 1964 quidquid
676 1861 744 1933 isto
768 1863 876 1933 modo
900 1860 1118 1960 pronunties,
1146 1863 1181 1935 id
1207 1883 1275 1936 aut

240 1963 322 2048 elle,
347 1977 408 2032 aut
436 1987 506 2032 non
531 1961 611 2033 effe.
664 1963 723 2033 An
752 1976 792 2031 tu
820 1958 1018 2034 dialellicis
1043 1988 1086 2034 ne
1109 1961 1276 2036 imbutus

240 2059 387 2158 quidem
416 2063 478 2132 es?
518 2057 554 2130 in
608 2057 703 2131 rimis
731 2057 826 2130 enirn
856 2060 926 2131 hoc
956 2058 1127 2134 traditur:
1163 2085 1276 2136 omno

239 2169 256 2203 ⁰
269 2158 536 2256 pronuntiatum
555 2085 617 2254 (lic
636 2156 861 2230 enimrmihi
885 2157 922 2230 in
938 2159 1124 2256 praesentia
1140 2185 1275 2233 occur-

241 2257 298 2342 rit,
325 2275 367 2330 ut·
390 2259 565 2355 appellem
590 2261 724 2350 α’ξίωμα,
743 2275 824 2328 utar
844 2259 924 2354 post
946 2257 1029 2343 alio,
1048 2261 1075 2330 sr
1102 2259 1277 2332 invenero

241 2354 383 2450 melius)
403 2355 439 2428 id
460 2379 545 2454 ergo
571 2356 622 2428 est
647 2354 930 2454 pronuntiatum,
948 2361 1046 2454 quod
1073 2359 1123 2430 est
1146 2383 1275 2432 verum

241 2473 301 2528 aut
329 2455 466 2528 fulsum.
524 2455 616 2526 Cum
649 2455 761 2552 igitur,
783 2453 885 2542 dicis,
911 2457 1016 2549 Mffer
1040 2457 1095 2529 M.
1125 2457 1276 2555 Cfflffi‘s,

241 2553 390 2626 aut'hoc
416 2551 518 2636 dicis,
542 2553 647 2644 „llfir
673 2551 786 2646 estM.
810 2553 954 2649 Crustas,
981 2574 1023 2628 ut
1046 2555 1152 2654 poffit
1171 2556 1277 2656 judi.

140 2817 145 2828 .
266 2777 302 2806 ’Μ
326 2769 359 2826 Er
374 2787 421 2826 nou
434 2786 470 2826 cos
489 2765 594 2844 myrtos,
609 2766 653 2844 qui
666 2786 732 2824 mor·
781 2767 893 2836 ilatum,
914 2789 964 2847 qao
981 2768 1024 2827 ille
1043 2785 1127 2828 tamen
1146 2771 1280 2830 uocabulo

240 2849 368 2928 anisum]
392 2847 498 2927 Miseros
512 2847 732 2924 proterruittunt
780 2848 902 2926 tantisper
911 2851 980 2928 utise
988 2852 1120 2925 ortulano
1128 2855 1171 2928 cst,
1180 2856 1278 2926 quoad

214 2979 217 2998 ,
241 2931 343 2990 Ellens.
359 2950 400 3006 pr.
419 2943 446 2986 et
467 2930 538 2986 Bak.
552 2947 669 3005 canique
684 2949 731 2988 vo·
782 2929 891 2996 melius,
904 2930 997 3009 inquit,
1011 2932 1149 2990 invenero.
1170 2935 1282 3004 Hiero·

241 3032 299 3070 cem
309 3009 462 3068 Lambinus
472 3031 505 3066 ex
516 3007 674 3084 conjeclura
684 3012 731 3066 de·
781 3030 883 3086 nymus
898 3011 927 3068 in
942 3011 1039 3070 Rufio.
1050 3013 1099 3070 lib.
1110 3015 1127 3069 i.
1137 3013 1190 3077 coL
1200 3014 1238 3086 38
1240 3029 1278 3090 5.

240 3092 350 3150 landam
379 3090 493 3146 censuit.
534 3089 608 3146 Cum
638 3098 732 3149 lamen
781 3093 824 3146 ed.
840 3092 940 3148 Bened.
967 3091 1041 3168 Quid
1040 3093 1175 3173 fignificat
1188 3090 1281 3168 ἀξίω.

242 3172 318 3230 illam
335 3179 425 3226 laneat
438 3167 668 3245 praellauliffirnus
685 3191 733 3228 co·
780 3192 835 3250 μα,
848 3169 917 3249 quod
934 3193 975 3230 nos
989 3175 1200 3250 pronuntiatum
1213 3177 1281 3252 pos-

242 3254 294 3310 dex
310 3251 381 3326 Reg.
396 3268 444 3327 per
465 3267 509 3305 me
530 3248 593 3306 licet
614 3249 734 3308 immota
770 3249 863 3328 sumus
877 3251 967 3311 diem
1009 3254 1079 3312 Haec
1099 3255 1164 3310 saris
1183 3253 1282 3314 ollan-

158 3359 161 3370 ,
217 3403 220 3410 Ι
242 3342 363 3392 maneat,
781 3333 853 3388 dunt
872 3353 917 3389 eos
940 3352 957 3401 a
978 3334 1051 3390 reela
1069 3335 1115 3391 via
1133 3336 1281 3406 deerrassie,

283 3420 296 3447 ¹¹
321 3411 389 3487 Quia
404 3431 452 3467 non
471 3411 523 3466 lint
543 3429 600 3467 cum
613 3409 733 3487 suerint]
781 3412 832 3488 qui
846 3415 960 3470 verbum
974 3415 1181 3472 Aristotelicum
1202 3411 1280 3474 α’πό.

193 3479 207 3509 ⁶
242 3492 338 3568 Vulgo
348 3491 423 3570 fiant,
437 3489 641 3549 adversantibus
660 3491 732 3569 Reg.
782 3507 867 3563 φασιν
894 3487 955 3550 ἀντὶ
977 3491 1012 3552 τῦ
1037 3491 1195 3573 ἀξιώματος
1220 3498 1283 3556 hoc

241 3583 270 3630 et
284 3573 361 3630 Med.
783 3572 812 3628 in
827 3571 886 3629 loco
901 3587 1048 3649 reponunt.
1085 3577 1284 3637 Quodsralia

283 3654 297 3680 ⁰
318 3651 515 3710 Pronunriatum
523 3649 731 3730 ——oiffiwpaJ
782 3664 906 3710 veterum
928 3655 988 3712 loca
1007 3657 1147 3722 defideres‚
1161 3676 1197 3714 ea.
1209 3657 1283 3733 sup-

242 3733 290 3792 Ad
304 3735 378 3790 hunc
393 3733 483 3790 lorum
498 3730 605 3807 respicit
616 3735 652 3790 A.
666 3734 733 3791 Gel·
782 3732 918 3808 peditabit
929 3736 1000 3812 AEg.
1012 3737 1206 3814 Menagiusad
1217 3737 1282 3798 La·

161 3875 167 3886 .
242 3813 306 3880 lina,
318 3813 402 3871 Noli.
414 3815 477 3870 An.
487 3813 542 3868 xri.
554 3812 581 3869 8.
607 3813 737 3891 Quicquid
781 3812 973 3891 ertiivii.65.
996 3805 1010 3829 ⁸

241 3893 734 3972 icadiciturplcnaatquepcrscllaver·
823 3893 931 3952 PMilu'
955 3897 982 3953 in
1000 3897 1136 3974 prastntia
1156 3899 1283 3968 occurrit,

243 3972 329 4030 borram
339 3973 476 4048 sententia,
497 3987 527 4028 ut
547 3973 576 4028 id
593 3975 682 4054 naccffl
691 3976 733 4051 fir
782 3987 812 4030 ut
824 3975 961 4050 appellem
978 3972 1104 4056 ἀξίωμα]
1118 3979 1213 4054 Vulgo
1224 3995 1284 4054 ap·

241 4067 398 4112 uulnerum
418 4053 578 4130 orrtfhlsum
598 4055 654 4129 effe,
674 4054 733 4111 ida
777 4053 919 4132 pallorem:
957 4069 988 4114 at
1013 4059 1124 4116 Balliol.
1152 4059 1285 4130 exhibet,

243 4133 391 4192 Dialcrricis
407 4137 563 4192 ΑΞΙΩΜΑ
577 4135 733 4212 appellatum
780 4135 900 4212 appallaem
925 4133 1048 4217 ἀξίωμα,
1072 4140 1148 4214 quod
1174 4140 1284 4202 melius

241 4216 372 4289 (Λα-α
400 4213 445 4274 M.
472 4213 587 4272 Cicerone
608 4235 733 4292 pronun·
781 4213 819 4273 cll
832 4229 861 4274 et
874 4216 1013 4278 Latinius.
