2817 4859
407 374 558 436 nrurn
587 372 800 437 urruns,
1075 341 1116 463 '²3

96 536 195 607 anino
209 533 273 622 est,
292 534 438 607 fortasse
463 534 709 633 dissipabitur:
736 536 764 608 fi
781 534 887 635 ignis,
903 534 1110 634 exstingue-

97 650 168 707 tur:
189 634 215 705 si
231 634 285 705 est
305 634 510 706 Aristoxeni
528 635 723 719 harmonia,
740 632 1110 710 dissolutum-Quid

102 734 138 803 de
152 732 363 805 Dicaearcho
381 732 511 822 dicam,
528 734 590 830 qui
605 733 699 834 ‚nihil
717 732 865 806 omnino
881 733 1040 807 animum
1055 734 1115 807 di.

104 848 154 903 cat
167 832 252 903 esse?
291 832 365 904 His
382 832 562 905 sententiis
579 834 744 905 omnibus
760 831 850 905 nihil
866 834 947 929 post
962 850 1115 907 mortem

105 928 252 1025 pertinere
277 932 325 1003 ad
350 954 568 1027 quemquam
593 932 730 1027 potest:
755 930 887 1042 pariter
910 929 1005 1004 enim
1029 956 1115 1005 cum

106 1027 163 1099 vita
176 1028 284 1101 sensus
303 1028 492 1102 amittitur.
542 1028 659 1103 bN'on
678 1029 857 1103 sentientis
873 1046 1004 1118 autem,
1022 1029 1115 1101 nihil

106 1126 153 1215 ess,
177 1128 283 1200 ullam
311 1126 352 1200 in
382 1145 518 1225 partem
548 1131 647 1227 quod
676 1128 824 1201 interfit.
875 1127 1115 1225 Reliquorum

107 1224 261 1297 sententiae
296 1227 399 1324 spem
424 1227 641 1316 afferunt‚s1
672 1244 706 1299 te
731 1226 800 1300 hoc
827 1227 919 1301 sorte
945 1229 1115 1318 delectat,

141 1324 184 1396 sse
197 1324 347 1415 animos,
375 1350 459 1399 cum
475 1352 493 1397 e
512 1326 721 1424 corporibus
746 1324 967 1416 excesserint,
983 1326 1022 1398 in
1044 1352 1116 1400 cae-

105 1346 271 1521 linquas
298 1424 336 1497 in
365 1423 589 1498 domicilium
612 1424 714 1499 suum
736 1424 930 1523 pervenire.
981 1427 1027 1498 A.
1046 1426 1116 1499 Mo

105 1544 174 1593 vero
188 1524 365 1597 delestate
391 1522 500 1621 idque
517 1522 673 1622 primum
691 1523 742 1596 ita
765 1525 834 1597 esse
851 1523 983 1610 velim3
1013 1524 1117 1599 dein·

29 1676 30 1705 ,
108 1620 153 1705 de,
178 1621 301 1695 etiams
329 1646 406 1694 non
430 1624 486 1711 fit,
512 1621 601 1695 mihi
626 1622 825 1721 persuaderi
848 1640 967 1697 tamen
992 1621 1116 1699 velim.

110 1714 155 1789 M.
172 1720 269 1793 Quid
279 1720 350 1794 tibi
368 1746 454 1817 ergo
470 1744 575 1819 opera
590 1724 708 1796 nostra
723 1746 813 1818 opus
829 1723 907 1795 est?
934 1746 1021 1794 num
1038 1723 1116 1796 elo·
1222 1745 1227 1757 ’

109 1818 233 1911 quentia
248 1821 435 1893 Platonem
452 1821 610 1919 superare
626 1822 809 1918 possumus
825 1823 837 1893 l
871 1822 1008 1896 Evolve
1031 1820 1117 1893 dili·

111 1933 212 2012 genter
226 1930 240 1964 ς
249 1921 322 2015 ejus
336 1944 420 1991 eum
432 1918 576 2004 libmm,
591 1920 654 2018 qui
672 1920 724 1993 cst
740 1922 785 1992 de
801 1917 943 1991 animo:
962 1916 1117 2016 amplius

110 2019 192 2108 quod
214 2018 396 2107 defideres,
420 2016 511 2090 nihil
538 2017 616 2092 erit.
665 2020 714 2092 A.
732 2018 814 2092 Feci
839 2019 1054 2108 mehercule,
1079 2037 1118 2093 et

29 2146 30 2173 κ
111 2112 237 2208 quidem
258 2115 408 2214 srepius3
436 2116 495 2189 sed
525 2116 643 2191 neseio
665 2142 739 2215 quo
761 2120 883 2207 modo,
904 2120 993 2189 dum
1018 2119 1115 2216 lego,

110 2211 280 2288 assentior:
306 2240 389 2289 cum
404 2214 506 2313 posui
520 2217 666 2303 librum,
683 2210 878 2290 et'mecum
893 2216 967 2314 ipse
984 2219 1029 2288 de
1046 2217 1116 2289 im-

111 2312 304 2404 mortalitate
332 2315 528 2391 animorum
558 2316 654 2413 coepi
685 2315 855 2412 cogitare,
881 2315 1028 2387 assenfio
1054 2314 1117 2386 illa

114 2407 219 2480 omnis
233 2410 381 2487 elabitur.
433 2414 495 2486 M.
515 2412 616 2487 Quid
630 2415 643 2485 l
672 2414 743 2487 hoc
762 2412 881 2497 dasne,
897 2430 959 2485 aut
975 2436 1116 2485 manere

112 2503 231 2580 animos
251 2512 326 2607 post
350 2530 512 2601 mortem,
537 2530 599 2584 aut
621 2530 735 2586 morte
759 2511 834 2610 ipsa
851 2509 1025 2585 interire?
1066 2516 1115 2585 A.

112 2601 188 2678 dDo
203 2633 301 2683 vero:
320 2624 334 2657 ⁰
348 2612 460 2711 quod,
477 2612 504 2683 fi
519 2630 695 2703 maneant,
709 2614 830 2685 beatos
847 2611 916 2684 esse
933 2612 1113 2696 conced0;

143 2847 225 2910 l’slim
235 2856 366 2931 sentientis
389 2872 482 2925 autem,
503 2856 572 2933 dre]
614 2856 695 2937 sem,
710 2860 762 2916 dcc.
794 2859 837 2915 At
850 2859 924 2932 Reg.
937 2857 998 2913 lraec
1017 2854 1115 2913 omnia

114 2928 179 2988 llinc
196 2936 306 2996 confecit
331 2939 477 3016 Epicuron,
501 2958 577 2996 mor·
624 2938 745 3015 personae
765 2938 862 2995 tribuit
875 2936 1073 3005 Adolescentia,
1086 2948 1116 2994 et

116 3018 163 3067 tem
183 3014 245 3074 nihil
270 3021 305 3076 ad
330 3039 381 3077 nos
404 3018 462 3078 esse.
503 3020 575 3077 Vide
624 3018 664 3075 ita
677 3019 761 3096 plane
773 3018 832 3085 dat,
844 3027 876 3074 ut
889 3016 1037 3075 edidimus.

29 3098 30 3111 ¹
114 3088 280 3167 Lentulum,
301 3099 368 3157 Div.
382 3100 449 3157 Inst.
469 3100 518 3157 lib.
532 3100 573 3158 iii.
663 3096 817 3175 ‘Quodſs
832 3097 1117 3175 maneant-noneste
1208 3144 1213 3155 .

114 3188 181 3249 ffipp.
200 3190 242 3254 17.
262 3198 312 3251 50.
333 3189 362 3237 et
381 3180 577 3251 Laertium,x.
627 3178 736 3256 miseros]
764 3179 810 3236 Ita
833 3180 1020 3255 argumentati
1051 3177 1116 3235 sunt

117 3268 170 3327 139.
182 3256 218 3312 ed.
231 3258 322 3317 Amst.
349 3259 385 3317 Ei
399 3268 492 3317 nmen
505 3278 577 3337 prae·
626 3258 751 3326 Ethnici,
774 3260 848 3337 quod
871 3270 1016 3335 poetarum
1037 3258 1114 3316 dista

115 3328 205 3392 iverunt
222 3338 277 3397 alii.
305 3340 364 3396 Adi
383 3340 416 3397 sis
433 3338 577 3399 AEschinie
625 3340 659 3397 de
673 3340 765 3417 poeois
778 3342 853 3416 apud
868 3338 969 3397 inferos
989 3358 1042 3416 pro
1060 3359 1115 3396 nu-

117 3410 250 3491 Axioent.
267 3436 313 3493 14.
328 3428 355 3476 et
372 3421 487 3478 Sextum
508 3420 578 3478 Em·
625 3420 669 3497 gis
680 3420 836 3477 habuerint.
857 3421 928 3479 Vide
940 3420 1061 3477 Platonis
1070 3421 1115 3477 A·
1145 3466 1150 3479 .

118 3490 213 3563 pitseum
225 3500 285 3558 adv.
299 3500 438 3559 Mathem.
453 3500 502 3558 lib.
517 3499 536 3559 i.
549 3520 574 3561 o.
624 3502 683 3577 pol.
710 3519 761 3579 pro
787 3501 862 3558 Socr.
886 3518 952 3577 pag.
977 3501 1046 3575 368.
1070 3501 1115 3557 ed.

120 3578 304 3726 1ΆὲἎέΞῷἏῇ
322 3660 425 3731 librum,
438 3662 483 3740 qui
501 3659 578 3737 estde
624 3580 929 3737 {aquidfflacuatplaqtsue
941 3580 1116 3725 'Seedtsstiuiitli-

115 3730 196 3825 m'fflo]
222 3737 383 3797 Phaedonem
416 3742 510 3811 dicit„
528 3742 579 3819 qui
625 3742 688 3821 pist.
702 3744 779 3801 xxiv.
806 3743 947 3799 Nemetum
958 3740 1116 3818 putrefiat

115 3810 202 3871 solor
218 3812 234 3893 ’l
250 3818 313 3900 περὶ
334 3818 431 3901 ψυχῆς
452 3822 577 3881 inscribi·
630 3822 767 3883 Cerberum
785 3824 874 3880 timeat
898 3834 923 3879 et
946 3819 1116 3887 tenebrante

29 3946 31 3963 .
117 3896 159 3950 tur.
628 3904 781 3963 honarum
796 3900 913 3960 habitunt
931 3900 1006 3959 nudis
1024 3898 1115 3975 offibus

29 4010 30 4015 κ
147 3969 215 4034 ‘Do
234 3998 313 4039 wo:
341 3982 424 4058 quod,
444 3986 476 4059 ſs
503 3981 577 4057 &cl
627 3983 812 4041 cobaermtium.
848 3982 922 4041 Mors
936 4002 980 4039 nos
993 3996 1040 4040 out
1055 4003 1116 4040 con·

29 4092 30 4121 3
117 4046 201 4130 Vulgo,
209 4061 246 4119 A.
257 4062 299 4119 Do
312 4082 384 4120 vero.
408 4063 452 4121 M.
468 4064 547 4122 Quid
550 4066 582 4141 fi
618 4062 701 4142 sumit
724 4078 772 4122 aut
797 4062 896 4121 emittit⁴
936 4062 1037 4140 Enriffls
1062 4081 1115 4119 me·

29 4168 30 4217 3
118 4144 239 4195 nouam?
261 4142 299 4200 A.
312 4140 406 4201 Beatos
417 4141 462 4221 effe
470 4142 581 4202 conceda
628 4144 691 4202 liora
704 4146 818 4221 restant:
832 4142 1042 4203 oneredaratto:
1056 4162 1115 4204 cone

29 4218 31 4245 ¹
115 4204 326 4283 Elimeam.
351 4222 391 4285 A.
406 4222 581 4304 Naesnmr·
620 4223 1001 4301 summasunmna
1016 4223 1117 4359 quer

119 4314 125 4323 '
610 4320 663 4379 c4
999 4319 1119 4381 mame
