2817 4859
421 407 572 470 arnan
602 407 860 474 aurnuns
931 419 953 436 ’·
1103 427 1161 493 325

125 564 229 640 malis
252 567 372 642 autem
391 567 585 667 sapientem
601 569 671 642 esse
689 573 799 670 poffe,
815 570 842 644 sr
860 571 971 644 essent
986 570 1060 644 ulla
1077 595 1160 644 cor·

126 664 224 764 poris
252 685 316 740 aut
338 666 489 742 fortunae
519 672 622 742 rnala.
675 672 899 746 Dicebantur
928 669 1061 759 haec,c
1074 696 1158 768 quae

128 765 267 862 scripfit
296 766 404 840 etiarn
428 767 631 842 Antiochus
661 770 752 843 locis
779 768 953 866 pluribus,
977 767 1158 844 Virtutem

127 863 242 962 ipsam
255 867 368 964 perse
386 868 526 941 beatam
540 868 652 942 vitam
678 869 821 942 efficere
842 867 952 964 posse,
971 892 1086 965 neque
1104 885 1157 940 ta-

127 989 212 1036 men
239 963 498 1076 beatissimam:
527 967 656 1040 deinde
681 993 728 1040 ex
751 967 881 1064 majore
907 984 1005 1063 parte
1027 967 1158 1062 pleras-¹

126 1086 278 1173 queres
301 1061 491 1156 nominari,
507 1064 642 1139 ‘letiam
667 1065 697 1138 fi
720 1092 805 1178 quae
829 1089 908 1164 pars
931 1065 1090 1151 abessen
1118 1083 1160 1141 ut
1190 1063 1192 1068 ’

125 1160 235 1252 vires,
252 1178 294 1236 ut
309 1163 564 1251 valetudinem,
588 1183 630 1238 ut
655 1164 810 1251 divitiae,
835 1182 876 1238 ut
902 1163 1089 1248 honorem,
1117 1183 1157 1238 ut

125 1261 304 1358 gloriam
343 1288 436 1375 quae·
457 1288 599 1362 genere,
627 1290 701 1337 ηοη
727 1289 877 1338 numero
904 1281 1157 1339 cernerentur.

127 1359 217 1432 item
238 1362 379 1435 beatam
402 1361 528 1450 vitam,
551 1363 715 1436 etiamst
730 1389 776 1436 ex
800 1361 919 1470 aliqua
938 1379 1036 1460 parte
1060 1363 1158 1436 clau·

126 1461 242 1548 deret,
260 1476 379 1534 tamen
402 1485 449 1535 ex
475 1462 592 1535 multo
617 1463 748 1558 majore
776 1481 874 1561 parte
892 1447 1066 1534 obtinere
1091 1487 1158 1534 no-

126 1558 344 1632 mensuum.
394 1559 490 1634 Haec
515 1585 612 1634 nunc
639 1563 823 1636 enucleare
850 1587 922 1636 non
949 1563 998 1634 ita
1019 1562 1158 1635 neceffe

126 1657 203 1731 est:
241 1683 450 1759 quanquam
475 1685 549 1772 non
576 1661 852 1734 constantiffime
881 1659 954 1732 dici
984 1659 1135 1733 mihi
1102 1688 1158 1733 vt-

125 1758 285 1832 dentur:
312 1784 397 1832 nam
420 1777 457 1832 et
482 1757 547 1871 qui
570 1760 693 1832 beatus
718 1761 782 1849 est,
799 1786 872 1832 non
889 1759 1053 1856 intelligo
1069 1759 1160 1858 quid

127 1844 297 1954 requirat,
314 1873 358 1932 ut
374 1859 413 1931 srt
429 1857 591 1933 beatior.
618 1859 646 1930 st
672 1859 725 1932 est
749 1859 845 1968 enim
871 1858 969 1954 quod
992 1857 1095 1947 defit,
1112 1883 1157 1932 ne

126 1957 254 2030 beatus
270 1957 418 2056 quidem
431 1959 505 2030 est:
525 1975 561 2031 et
577 1959 678 2068 quod
694 1982 740 2030 ex
757 1957 823 2052 maj
827 1982 887 2030 ore
903 1955 1026 2053 partes
1033 1983 1158 2030 unam·

126 2075 309 2167 quamque
334 2079 410 2130 rem
433 2058 603 2154 appellari
629 2055 856 2167 spectarique
869 2054 1009 2146 dicunt,
1025 2057 1077 2129 est
1093 2057 1156 2130 ubi

125 2153 167 2227 id
191 2153 261 2228 isto
284 2155 396 2229 modo
420 2157 548 2229 valeat.
600 2157 695 2230 Cum
713 2181 795 2230 vero
815 2155 881 2229 tria
899 2181 1028 2254 genera
1044 2157 1159 2230 [ηαΙο-

123 2457 204 2507 men,
218 2459 254 2497 ne
270 2439 340 2518 quta
359 2419 533 2508 αμματω,
545 2441 618 2499 aar.
667 2441 782 2508 nntius,
796 2443 884 2500 nnn.
898 2442 964 2501 nn.
979 2443 1034 2502 111.
1053 2443 1098 2502 cc.
1113 2444 1156 2506 nt.

126 2528 155 2577 et
170 2521 279 2578 Balliol.
290 2521 433 2588 exhibent,
443 2520 471 2578 in
483 2521 559 2580 malis
569 2541 618 2580 au·
666 2541 716 2596 41.
745 2521 811 2580 Nolo
833 2523 881 2580 tibi
904 2523 986 2581 allum
1005 2523 1159 2582 cominodum

127 2611 179 2657 tam
211 2599 262 2678 sap
262 2601 323 2658 iena
349 2601 393 2680 effe
421 2601 508 2681 pſtrfflt
533 2603 619 2669 unde,
665 2602 891 2663 inmclaudier.
928 2607 967 2664 A.
982 2603 1101 2676 Gellius,
1115 2599 1157 2665 N.

126 2681 516 2760 postremaliteruladempta,
524 2681 618 2740 reseri-
666 2686 702 2741 A.
716 2683 778 2742 xiii.
799 2702 847 2742 ao.
887 2683 983 2744 Smties
995 2685 1159 2762 suavitatem
1284 2675 1290 2696 '

127 2761 156 2818 bi
171 2774 267 2838 queat,
272 2761 436 2841 sapienteffe
446 2762 521 2841 ροβε,
535 2773 618 2842 prout
657 2762 757 2840 sonitus
773 2783 950 2823 calonnae.
975 2766 1114 2842 Apuleius
1124 2768 1159 2825 de

125 2840 227 2901 diserte
241 2843 320 2901 Med.
666 2843 730 2902 Deo
750 2845 879 2914 Socratis,
899 2845 1017 2921 p..69a
1037 2847 1082 2905 ed.
1096 2849 1159 2908 Par.

167 2927 286 2997 *ξπ
302 2921 374 3002 scra
365 2914 406 2998 fit
427 2924 505 2982 etiarn
526 2924 620 2982 Antio·
671 2925 706 2982 Ut
727 2923 772 2982 ubi
789 2924 945 2982 dubitatione
959 2943 1159 2994 canonum,

127 3000 204 3076 clar]
238 3005 311 3080 Reg.
337 3018 367 3062 et
394 3005 532 3062 Pitboean.
558 3024 620 3082 qnae
666 3003 704 3060 ili
722 3003 879 3062 Αἱ-υὶηατὶτιτα
901 3005 1053 3082 censalem:
1074 3009 1159 3065 lice·

116 3083 273 3162 scriptafit.
297 3085 377 3144 Med.
386 3085 457 3142 Balr.
470 3085 618 3144 etBalliol.
667 3085 729 3142 nim
757 3096 812 3142 tres
837 3087 922 3143 MSS.
950 3087 1071 3145 Cantab.
1099 3107 1158 3148 non

125 3183 190 3242 quae
215 3163 317 3242 scripta
343 3165 407 3223 sunt
427 3165 504 3224 αὶαηι
526 3166 619 3222 Antia·
666 3164 830 3235 claudicaret,
850 3175 884 3222 ut
903 3165 1020 3243 vulgati.
1056 3167 1102 3226 Sic
1128 3190 1158 3228 e·

125 3243 207 3315 char,
229 3247 304 3324 quod
325 3265 382 3304 non
397 3247 469 3303 male
481 3245 509 3303 se
525 3247 618 3314 habet,
667 3247 738 3303 tiam
760 3247 954 3322 Symmachus,
967 3248 1039 3305 lib.'
1032 3267 1050 3307 τ.
1072 3249 1161 3326 Epist'.

126 3325 249 3383 simodo
260 3327 346 3403 legat,
358 3327 492 3384 Antiocho.
667 3343 718 3400 33.
749 3326 912 3385 Ausonius
905 3347 935 3386 ιη
950 3327 1022 3386 ΡτοΙ,
1040 3330 1097 3407 Sap
1099 3328 1160 3389 ‚vs

168 3402 331 3482 “Etiamsi
343 3405 420 3484 qua]
442 3407 488 3466 Sic
502 3407 574 3484 Reg.
591 3415 620 3465 et
667 3425 717 3481 32.
729 3419 757 3465 et
770 3408 828 3467 alii.
856 3407 929 3466 Vide
939 3407 1009 3484 Just
1023 3409 1159 3486 Lipsrum,

126 3485 269 3546 Pilboean.
294 3485 463 3564 Vulgtnaa
373 3507 474 3566 eamq
667 3489 736 3545 Var.
758 3487 837 3545 Lest.
861 3486 963 3547 libii.
956 3507 1042 3566 ..cap
1064 3489 1091 3548 6.
1119 3489 1158 3550 G.

167 3567 248 3625 En
266 3567 338 3646 asiqa
337 3587 356 3624 a
370 3581 448 3645 parte
466 3567 617 3642 clauderet]
667 3565 858 3645 J.'v0ffium
851 3587 880 3625 ιη
895 3567 991 3646 Etym.
1002 3587 1029 3627 v.
1043 3567 1159 3636 dandus,

127 3649 174 3706 lta
206 3648 373 3706 Gebhardua
401 3668 417 3704 e
444 3647 499 3706 suin
532 3649 619 3707 edidit
666 3657 696 3706 et
715 3649 743 3724 J.
766 3649 812 3708 Fr.
830 3648 1004 3708 Gronovium
1022 3650 1057 3708 ad
1082 3649 1159 3708 Livii

126 3728 215 3788 MSS.
243 3727 409 3804 quibuscum
428 3727 539 3786 saciant
558 3728 620 3787 nos·
669 3729 741 3785 xxii.
755 3745 805 3805 39.

125 3808 174 3866 tri.
189 3809 305 3867 Veteres
313 3808 442 3886 impressi,
452 3807 619 3881 claudicarem
711 3806 722 3846 ¹
746 3809 956 3888 Unamquarnpue
969 3827 1027 3868 [ατη
1042 3807 1160 3888 appella·

127 3889 204 3966 quod
224 3908 243 3946 a
265 3889 387 3947 librariin
408 3890 522 3947 alteriue
545 3891 621 3948 verbi
668 3888 707 3962 n]
729 3889 857 3948 Absurde
874 3890 943 3949 Pall.
963 3908 1060 3948 omnen
1079 3890 1160 3959 daut,

128 3970 291 4047 potestatem
312 3989 369 4027 non
388 3970 561 4046 capientibus
578 3971 620 4027 vi·
664 3983 777 4049 partem,
785 3989 849 4028 cum
862 3969 963 4047 quibua
971 3969 1079 4029 faciunt
1086 3971 1161 4050 Reg.

128 4049 341 4108 detornatam.
374 4049 476 4108 Noster
494 4051 525 4108 io
537 4050 621 4110 Orat.
670 4051 811 4109 Pithoean.
843 4062 870 4107 et
898 4051 969 4107 Bala.
994 4050 1039 4108 sed
1066 4072 1161 4112 veram

129 4146 192 4207 rap.
206 4143 257 4209 5¹·
285 4129 366 4204 Quid
375 4131 418 4204 est,
429 4149 476 4187 cur
488 4131 623 4201 claudere,
670 4131 820 4188 lestionem
834 4131 954 4190 retinent
967 4131 1046 4192 Med.
1057 4143 1085 4192 et
1095 4133 1163 4194 Bat-

127 4210 435 4292 aatinfistercoratioacm
447 4210 548 4272 mabit.
566 4213 624 4272 Te·
670 4211 732 4270 liol.

736 4309 789 4368 1³
