2817 4859
269 361 330 438 360
480 355 1086 420 ruscue.n1srusnr10uuu
1154 370 1157 375 ·

262 518 361 593 'nibil
393 517 430 592 in
458 519 560 592 bonis
585 513 808 610 ducendum,'
831 520 930 616 quod
960 517 1142 590 honestate
1172 531 1298 606 careat,

271 619 501 692 existimant?
554 618 622 690 Me
646 618 793 715 quidem
811 619 977 701 aneton,
995 617 1102 692 etiam
1121 615 1301 713 Peripate-

270 715 336 790 tici
360 717 563 813 veteresque
582 717 790 792 Academici
816 715 992 790 balbutire
1017 715 1213 812 aliquando
1235 716 1301 786 de-

274 817 402 906 sinant,
419 835 608 914 aperteque
625 835 661 890 et
678 819 772 891 clara
787 843 876 890 voce
894 820 1046 888 audeant
1071 815 1202 899 dicere,
1220 813 1304 886 bea·

275 935 349 988 ram
366 916 477 988 vitam
494 916 530 987 in
548 917 743 990 Phalaridis
760 937 901 990 taurum
918 913 1174 988 descensuram.

325 1014 486 1087 XXVII.
513 1014 591 1088 Sint
606 1015 703 1089 enirn
718 1015 785 1088 trie
808 1039 936 1113 genera
961 1017 1149 1101 bonorum,
1167 1029 1209 1084 ut
1231 1012 1305 1108 jam

275 1141 298 1187 a
330 1114 464 1210 laqueis
496 1113 714 1204 Stoicorum,
747 1116 879 1212 quibus
911 1112 1016 1186 usurn
1047 1137 1107 1185 me
1141 1109 1306 1208 pluribus

276 1237 386 1310 quam
402 1213 507 1308 soleo
526 1212 703 1310 intelligo,
722 1214 953 1286 recedamur:
980 1212 1049 1284 fint
1066 1211 1144 1284 sane
1164 1209 1228 1282 ilia
1243 1234 1306 1306 ge-

277 1335 361 1384 nera
385 1313 576 1384 bonorum.
628 1313 729 1385 Dum
754 1310 912 1408 corporis
938 1329 973 1383 et
999 1329 1143 1383 externa
1163 1310 1306 1405 jaceant

266 1407 393 1495 bumi,
419 1429 455 1482 et
483 1413 746 1500 tantummodo,
771 1411 857 1508 quia
882 1409 1050 1502 sumenda
1074 1409 1157 1494 sint,
1182 1408 1306 1505 appel-

276 1512 395 1580 lentur
420 1511 538 1595 bona3
565 1509 633 1581 alia
657 1503 776 1583 autem
801 1511 861 1582 illa
881 1507 1003 1580 divina
1030 1510 1138 1605 longe
1163 1507 1306 1603 lateque

278 1609 313 1680 se
337 1611 508 1705 pandant,
525 1609 726 1704 coelumque
752 1607 985 1706 contingant:
1013 1621 1029 1654 ¹
1043 1633 1084 1680 ea
1107 1605 1170 1702 qui
1197 1608 1307 1702 adep-

278 1726 336 1780 tus
353 1707 410 1797 fit,
427 1731 492 1780 cur
508 1731 591 1778 eum
613 1709 759 1779 beatum
785 1709 911 1796 modo,'
926 1725 959 1778 et
978 1729 1049 1779 non
1068 1704 1308 1780 beatissimum

278 1807 387 1879 etiam
412 1805 596 1879 dixerim?
649 1805 868 1879 Doloremne
897 1804 1041 1902 Sapiens
1070 1803 1307 1878 extimescet?

279 1905 310 1978 is
334 1903 431 1978 enirn
456 1903 572 1978 rhuic
603 1906 757 1978 maxime
788 1903 969 1977 sententiae
1000 1920 1197 2002 repugnat:
1226 1928 1310 1976 nam

278 2023 405 2076 contra
421 2021 574 2075 mortem
590 2005 746 2076 nostram
763 2020 868 2100 atque
887 2004 1098 2092 nostrorum,
1113 2019 1311 2098 contraque

272 2101 530 2198 'egritudinem
549 2121 585 2174 et
609 2103 761 2199 reliquas
785 2101 892 2174 animi
920 2101 1203 2200 perturbationes
1229 2098 1310 2172 satis

276 2201 350 2273 esse
368 2201 533 2273 videmur
548 2200 767 2298 superiorum
787 2201 923 2274 dierum
941 2199 1239 2298 disputationibus
1254 2225 1310 2290 ar.

279 2298 366 2374 mati
385 2318 421 2372 et
437 2299 575 2396 parati:
603 2301 706 2372 dolor
729 2301 798 2374 effe
816 2301 957 2374 videtur
978 2299 1169 2374 acerrimus
1185 2297 1311 2374 virtuti

278 2400 522 2474 adversarius:
550 2400 579 2472 is
603 2401 764 2472 ardentes
790 2401 883 2472 faces
908 2401 1082 2485 intentat3
1111 2399 1139 2471 is
1166 2398 1310 2470 sortitu-

281 2499 417 2581 dinem,
443 2498 727 2594 magnitudinem
752 2500 872 2586 animi,
889 2499 1122 2596 zpatientiam
1147 2498 1183 2569 se
1210 2498 1310 2570 debi-

280 2598 465 2669 litaturum
482 2596 648 2668 minatur.
700 2597 798 2670 Huic
817 2597 924 2695 igitur
942 2597 1150 2670 succumbet
1169 2595 1308 2670 virtus?

275 2694 368 2767 ·huic
396 2697 496 2767 beata
521 2693 686 2790 sapientis
711 2713 746 2768 et
771 2695 962 2768 constantis
988 2694 1053 2768 viri
1074 2696 1148 2768 vita
1174 2695 1308 2768 cedet?

277 2795 405 2880 Quam
429 2797 558 2891 turpe!
588 2793 687 2868 odii
712 2793 812 2870 boni.
861 2795 997 2878 aPueri
1023 2794 1213 2894 Spartiatae
1240 2819 1309 2868 non

321 3066 336 3094 ²
358 3059 400 3116 Ea
413 3058 458 3136 qui
477 3056 583 3137 adeptus
592 3058 645 3134 fit]
667 3060 772 3136 Vulgo.
822 3079 885 3124 uern
899 3059 993 3138 passim
1009 3062 1147 3120 adhibeat.

280 3151 311 3194 ut
325 3158 355 3195 aa
371 3143 424 3196 dcc.
459 3139 511 3194 Sed
532 3140 654 3214 primam
676 3160 771 3198 rocem
862 3147 874 3177 ²
896 3141 973 3197 Pueri
999 3141 1141 3218 Spartiarae
1166 3161 1217 3198 nen
1244 3143 1314 3222 inge.

281 3218 354 3282 redte
367 3217 469 3274 delevit
482 3219 648 3276 Lambinus.
822 3221 929 3296 miscunt
948 3221 1081 3279 verberum
1101 3221 1183 3279 dolore
1203 3223 1311 3297 lanati]

323 3307 335 3344 ⁷
371 3299 442 3367 Huic
475 3300 597 3370 maxime
612 3298 770 3376 sententiae]
823 3303 869 3372 Ad
891 3319 967 3357 aram
987 3302 1099 3360 Orthiae
1111 3303 1154 3359 vel
1175 3301 1315 3361 Ortbofiae

279 3378 388 3454 Vulgo,
408 3379 539 3442 maxima,
562 3381 636 3454 quod
658 3381 773 3455 quidem
823 3381 942 3446 Dianrer
965 3401 1030 3439 narn
1052 3384 1262 3440 Lacedrernonii
1275 3384 1316 3441 so·

284 3461 416 3516 mendum
433 3459 571 3516 videretur
590 3461 774 3537 typographi·
821 3462 880 3519 ient
896 3457 997 3519 iniria
1017 3455 1113 3542 βωμὸν
1129 3462 1178 3537 τῆς
1198 3461 1315 3544 Ὀρθίας

284 3559 361 3606 curn,
376 3540 424 3595 nifi
439 3540 588 3596 Manutius
607 3555 635 3596 et
657 3541 773 3598 Lambi·
823 3539 920 3619 ὁμοίως
946 3542 997 3622 μὲν
1025 3540 1134 3611 isacar,
1163 3540 1266 3636 &peior
1289 3543 1315 3600 δὲ

284 3639 339 3676 nus
352 3619 401 3676 isso
415 3617 484 3677 vitio
505 3620 565 3677 suas
584 3619 718 3680 editiones
733 3632 774 3678 te·
824 3621 984 3698 ἐλευθέρους
1013 3619 1316 3704 &reipsa-passsam

284 3699 438 3759 merassent.
822 3700 882 3782 γάρ
900 3697 931 3760 ri
953 3697 1105 3782 ἀγώνισμα
1128 3700 1171 3782 τισι]
1192 3704 1204 3762 d
1222 3705 1315 3783 ’ξ’ἑφα·

326 3789 339 3816 ¹
360 3779 516 3838 Patientiam
520 3778 552 3856 se
564 3781 774 3842 debilitaturum
824 3801 877 3848 νος.
905 3785 998 3840 Verba
1014 3783 1078 3840 sunt
1092 3785 1256 3852 Themistii,
1275 3784 1317 3841 0-

285 3861 412 3932 minarur]
438 3859 538 3916 Eliens.
560 3860 611 3919 sec.
632 3861 774 3919 debellaru-
823 3875 875 3919 rat.
892 3865 949 3921 xri.
971 3883 1036 3941 pag.
1053 3878 1120 3941 250.
1135 3867 1173 3932 A,
1189 3867 1235 3924 ed.
1256 3867 1316 3922 Par.

286 3957 365 3994 rum:
385 3943 556 4016 eandemque
576 3941 722 4000 laetiorem
745 3943 775 4000 in
824 3943 971 4001 Musonius
981 3945 1053 4021 apud
1063 3946 1317 4016 Stoboeum,Serm.

286 4017 394 4074 Maffaei
410 4021 480 4076 libro
493 4031 628 4099 repertam
648 4025 777 4099 probavit
825 4023 883 4080 xix.
899 4043 927 4099 p.
947 4027 1011 4101 169.
1025 4027 1067 4082 ed.
1082 4028 1154 4083 Aur.
1170 4026 1234 4084 All.
1266 4021 1317 4090 Ὠς

277 4096 446 4165 Manutius.
466 4101 528 4177 lpse
541 4121 596 4158 non
611 4102 693 4160 item:
709 4123 775 4162 curn
826 4102 854 4160 δὲ
868 4098 927 4161 οὔτε
952 4099 1062 4182 nippis,
1081 4103 1141 4163 esre
1166 4100 1317 4184 rigens-rain

285 4176 398 4248 Tullius
412 4180 526 4250 alteram
542 4181 672 4272 loquendi
692 4185 777 4250 ratio·
824 4179 923 4264 ἔχουσι
946 4180 1078 4277 (πληγαὶ)
1099 4185 1197 4268 μηδὲν,
1219 4183 1316 4258 sanese

1219 4273 1314 4323 Λακε·
