2817 4859
275 315 332 382 no
479 293 1083 379 rusoui..n1srurarr'oubnl

272 503 354 551 nem
380 475 540 550 consulto
566 476 638 574 ipsa
659 475 810 574 fugiens,
827 474 857 548 ei
886 501 930 549 ue
948 475 1013 575 ipfi
1031 491 1068 548 et
1082 473 1244 573 suspesla
1261 471 1307 550 e!

272 575 408 649 invisa:
434 593 475 647 ut
497 577 555 647 vel
583 576 611 646 fi
637 576 716 672 quis
742 503 940 647 universam
967 574 1056 647 velit
1081 574 1303 670 vituperata·

271 675 425 747 secundo
452 673 487 744 id
521 673 655 770 populo
685 671 799 747 facere
831 673 958 770 possrt;
1000 674 1059 745 vel
1086 672 1115 743 fi
1146 671 1183 744 in
1216 690 1305 744 eam

270 797 378 870 quam
395 797 458 844 nos
476 772 627 844 maxime
644 770 823 867 sequimur
838 787 986 844 conetur
1001 771 1179 859 invadere,
1192 793 1307 868 maga·

272 893 317 944 na
346 871 495 942 ihabere
520 869 624 966 poffit
653 867 786 941 auxilia
814 871 1030 966 reliquorum
1061 868 1304 967 philosopho-

270 991 350 1043 rum
375 965 579 1066 disciplinis,

318 1063 367 1140 ΙΙ.
402 1046 479 1139 Nos
504 1084 621 1138 autem
654 1064 823 1138 universae
855 1064 1091 1164 philosophiae
1113 1066 1304 1163 vitupera·

270 1164 407 1240 loribus
445 1163 687 1262 respondimus
718 1165 758 1235 in
793 1164 1010 1236 Hortensio:
1053 1185 1118 1261 pro
1152 1165 1303 1238 Acade-

270 1264 342 1336 mia
374 1279 493 1335 autem
526 1287 606 1360 quae
638 1261 790 1334 dicenda
814 1262 936 1350 essent,
962 1262 1041 1334 satis
1067 1278 1232 1334 accurate
1261 1264 1302 1334 irr

269 1361 495 1436 Academicis
537 1372 688 1457 quatuor
725 1357 824 1433 libris
858 1359 1033 1457 explicata
1070 1358 1300 1434 arbitramur.

269 1461 369 1534 lSed
385 1479 516 1548 tamen,
534 1477 671 1532 tanturn
688 1459 785 1531 abest
800 1477 841 1530 ut
858 1457 962 1531 scribi
980 1475 1104 1531 contra
1119 1482 1185 1531 nos
1201 1460 1303 1532 noli-

271 1583 362 1649 mus,
387 1575 427 1632 ut
454 1559 489 1630 id
516 1558 622 1630 etiam
646 1557 799 1629 maxime
826 1575 1010 1652 optemus:
1038 1556 1074 1628 in
1101 1556 1175 1654 ipsa
1199 1559 1302 1631 enim

270 1659 410 1731 Gracia
427 1655 653 1754 philosophia
669 1671 769 1728 tanto
785 1656 821 1727 in
840 1655 975 1728 honore
1000 1681 1184 1756 nunquam
1210 1657 1304 1730 fuis*

268 1757 332 1841 set,
358 1756 423 1829 nisr
450 1755 735 1828 dosliffimorum
762 1752 1052 1828 contentionibus
1075 1754 1301 1828 dissensioni·

269 1855 405 1951 busque
433 1853 608 1952 viguisset.
661 1854 904 1926 Quamobrem
932 1855 1054 1926 hortor
1078 1877 1203 1926 omnes
1235 1855 1300 1952 qui

203 2018 207 2029 .
268 1953 384 2025 secere
402 1953 439 2023 id
456 1952 612 2048 possunt,
631 1969 671 2024 ut
696 1951 799 2047 hujus
821 1974 966 2048 quoque
989 1951 1127 2048 generis
1150 1953 1301 2026 laudern

263 2049 338 2144 jam
370 2049 550 2146 languenti
584 2051 738 2123 Graeciae
770 2047 930 2145 eripiant,
958 2067 994 2121 et
1026 2047 1231 2146 ¹perferant
1262 2051 1299 2123 in

268 2149 360 2222 hanc
386 2151 536 2220 urbem:
572 2148 663 2220 ficut
688 2145 838 2244 reliquas
864 2171 1002 2235 omnes,
1030 2171 1113 2244 quae
1145 2147 1299 2245 quidem

269 2265 368 2320 erant
392 2247 612 2344 expetendae‚
629 2246 746 2320 studio
762 2263 868 2342 atque
885 2244 1057 2318 industria
1072 2247 1133 2320 sua
1148 2247 1299 2342 majores

269 2343 378 2418 nostri
395 2345 658 2418 transtulerunt.
711 2345 830 2440 Atque
848 2361 1028 2417 oratorum
1048 2345 1199 2442 quidem
1226 2349 1300 2422 laus
1383 2428 1384 2431 Ἴ

268 2443 319 2516 ita
347 2445 458 2518 dueta
481 2446 526 2515 ab
556 2443 682 2515 humili
710 2441 810 2514 venit
838 2445 884 2515 ad
912 2443 1103 2533 summum,
1133 2461 1178 2516 ut
1207 2445 1298 2540 jam,

268 2543 367 2637 quod
394 2558 516 2612 natura
539 2539 606 2612 sert
632 2540 669 2613 in
693 2538 858 2612 omnibus
886 2540 959 2614 sere
983 2544 1099 2628 rebus,
1116 2541 1296 2628 senescau

268 2638 439 2734 brevique
473 2654 630 2734 tempore
663 2639 708 2710 ad
741 2637 894 2712 nihilum
923 2660 1075 2714 ventura
1104 2641 1296 2718 videatur:

269 2733 498 2834 Philosophia
521 2735 692 2825 nascatur,
710 2736 844 2808 Latinis
867 2737 1015 2834 quidem
1035 2738 1160 2831 literis,
1177 2766 1229 2814 ex
1246 2741 1298 2815 his

266 2831 510 2932 temporibus:
538 2859 685 2932 eamque
711 2859 775 2907 nos
800 2835 1016 2930 adjuvemus,
1038 2838 1178 2934 nosque
1204 2839 1298 2940 ipsos

269 2931 431 3028 redargui
449 2933 631 3031 refellique
656 2932 841 3031 patiamur.
893 2947 918 2980 ¹¹¹
936 2937 1098 3009 Quodsi
1120 2936 1160 3010 hi
1178 2937 1298 3013 serunt

267 3029 385 3100 animo
414 3028 551 3128 iniquo,
576 3029 640 3128 qui
668 3031 772 3106 certis
801 3031 1015 3128 quibusdam
1042 3034 1298 3136 destinatisque

266 3125 445 3201 sententiis
473 3129 571 3226 quasr
598 3128 734 3202 addicti
764 3145 800 3202 et
827 3132 1021 3206 consecrati
1047 3133 1157 3221 sunu
1184 3161 1296 3236 eaque
1374 3134 1376 3225 g

307 3323 314 3362 ¹
336 3323 753 3404 Habmpoffltauxiliureliquo·
802 3330 928 3389 hardiani
949 3341 1081 3408 quatuor,
1104 3333 1182 3412 neg.
1206 3347 1236 3396 et
1258 3335 1299 3395 E·

266 3423 324 3464 rum
350 3405 521 3483 bilffopborum
529 3405 674 3484 disciplinis]
688 3407 755 3464 For·
801 3408 878 3467 liens.
891 3421 955 3469 tert.
963 3414 1129 3491 prqseranu
1148 3417 1230 3492 quod
1243 3436 1295 3474 non

266 3486 314 3544 san
364 3485 418 3544 bere
427 3485 498 3562 ptfflr
511 3487 754 3564 auxiliaareliquo·
781 3489 902 3566 ‚placen

265 3585 323 3624 rum
343 3563 536 3644 pbilosophorum
558 3565 699 3646 dsciplinis,
721 3577 754 3624 ut
841 3575 865 3605 ¹²
891 3569 1010 3644 Quodsi
1030 3572 1059 3632 bi
1070 3573 1295 3652 smne-dfer-

264 3647 350 3704 etiam
363 3647 517 3708 Lambinus
529 3647 624 3704 edidit.
801 3644 877 3707 dere.-
891 3671 934 3707 nos
944 3654 989 3729 qui
1011 3653 1128 3731 equinam
1134 3653 1294 3731 probabilia]

306 3727 320 3761 ¹
341 3723 623 3793 Sauromatarum
645 3723 753 3801 abels-
800 3726 906 3804 Vulgo,
916 3731 985 3807 quod
991 3653 1020 3790 h
1019 3733 1293 3809 serum-Musae.

266 3803 460 3878 nanstuIerunt]
482 3805 564 3862 Hanc
577 3803 652 3884 ῥῆσιν
664 3805 752 3861 addu-
801 3805 857 3864 Nor
875 3809 920 3890 qui
929 3811 1065 3890 sequimur
1080 3811 1231 3891 probabilia
1244 3817 1292 3871 &ci

266 3881 307 3937 cit
326 3883 438 3965 Boetius
453 3885 483 3942 in
495 3883 594 3961 Topic.
613 3883 661 3941 lib.
677 3903 704 3940 v.
720 3903 750 3961 p.
799 3887 842 3943 At
871 3890 1000 3948 voculam
1032 3893 1186 3952 secundam
1221 3895 1292 3952 dedit

268 3959 535 4098 ⁸³1⁹rhllll..
557 4039 622 4104 rm
648 4039 749 4119 urbm]
798 3964 1134 4130 ffiphpffippn,
1159 3973 1294 4035 mum

265 4111 358 4178 Boetii
365 4120 480 4192 coelicae,
489 4121 653 4198 transferant.
674 4122 749 4180 Geb-
