2817 4859
255 311 318 374 m
459 295 651 356 TUchL.
674 291 1068 356 DISPUTATION'UM

257 453 479 530 aconrmuni
502 472 649 552 parente
674 471 800 528 natura
816 456 840 529 ἓ.
857 479 938 554 quae
955 449 1131 552 quitquid
1146 453 1290 552 gennit,

256 579 330 628 non
349 556 459 628 modo
473 553 618 640 animal,
637 554 697 628 sed
715 553 822 629 etiam
840 556 938 652 quod
956 553 1006 626 ita
1028 570 1148 627 ortum
1164 553 1254 628 esset
1268 579 1292 626 e

256 673 349 729 terra
371 673 414 726 ut
440 653 607 752 stirpibus
637 653 706 726 suis
737 651 920 740 niteretur,
945 650 1002 724 ¹in
1034 647 1098 726 suo
1125 651 1292 750 quidque

256 777 386 852 genere
407 753 615 852 persedtum
640 754 711 826 esse
736 753 864 828 voluit.
915 753 1041 850 Itaque
1068 769 1104 825 et
1131 753 1293 842 arboren,

256 872 292 926 et
304 851 408 942 vites,
420 869 459 924 et
474 878 516 926 ea
528 875 614 948 qnae
631 853 712 926 sunt
729 851 932 942 humiliora,
943 875 1062 950 neque
1080 852 1114 924 se
1131 852 1257 926 tollere
1269 878 1293 926 a

256 973 350 1026 terro
373 951 479 1026 altius
501 952 658 1049 possunt,
683 952 752 1024 alia
777 953 914 1049 semper
928 949 1059 1040 virent,
1077 949 1146 1024 alia
1168 949 1292 1025 hieme

256 1053 401 1134 nudata,
418 1075 531 1123 verno
554 1067 716 1147 tempore
741 1051 916 1148 tepefacta
937 1049 1194 1124 frondescunt:
1225 1075 1292 1124 ne.

256 1177 327 1248 que
347 1151 400 1222 est
423 1151 554 1237 ullum,
570 1151 669 1246 quod
695 1150 843 1222 nonita
857 1149 978 1248 rigeat
1004 1147 1170 1222 interiore
1193 1174 1291 1248 quo·

255 1253 339 1323 dam
355 1265 457 1320 motu
473 1265 510 1321 et
526 1248 595 1320 suia
621 1247 660 1320 in
685 1273 832 1346 quoque
857 1245 1051 1322 seminibus
1070 1245 1230 1335 inclusis,
1247 1265 1292 1324 ut

254 1369 316 1422 aut
339 1337 446 1420 flores
467 1367 532 1420 aut
547 1347 667 1446 fruges
684 1349 811 1423 fundat
828 1365 889 1420 aut
915 1348 1068 1434 baccas;
1095 1347 1291 1446 omniaque

256 1449 293 1520 in
318 1447 500 1536 omnibus,
524 1465 699 1545 quantum
724 1445 762 1519 in
780 1444 863 1546 ipsis
886 1445 943 1536 srt,
961 1447 1060 1520 nulla
1076 1444 1112 1517 vi
1130 1445 1289 1544 impedi·

253 1563 350 1636 ente,
364 1546 527 1646 persedta
542 1548 619 1617 fior.
672 1545 829 1618 Facilius
852 1567 939 1618 vero
958 1543 1067 1623 etiam
1088 1543 1127 1618 in
1150 1545 1291 1634 beffiis,

253 1648 355 1749 quod
373 1644 427 1720 his
443 1643 561 1717 sensus
576 1670 598 1716 a
613 1664 738 1718 natura
754 1645 807 1718 est
822 1647 938 1736 datus,
951 1643 1005 1718 vis
1022 1643 1129 1744 ipsius
1146 1661 1291 1720 naturae

252 1742 405 1844 perspici
422 1745 562 1842 potest:
590 1769 744 1842 namque
768 1743 850 1816 alias
877 1743 1003 1818 bestias
1021 1761 1155 1834 nantes,
1172 1769 1292 1844 aqua·

255 1869 336 1916 rum
361 1843 496 1918 incolat
521 1843 592 1915 esse
610 1842 754 1929 voluit;
780 1841 877 1930 aliar,
894 1845 1070 1932 volucres,
1096 1843 1188 1916 caelo
1215 1843 1290 1920 frui

253 1943 393 2028 libero;
420 1941 597 2040 serpentes
616 1942 810 2040 quasdam
835 1943 1007 2040 quasdam
1023 1941 1093 2016 esse
1117 1943 1290 2054 gradien-

252 2059 332 2114 tes:
358 2039 655 2136 earumipsarum
680 2039 810 2138 partim
839 2040 1023 2140 solivagas,
1039 2059 1171 2140 partim
1195 2066 1290 2116 con-

252 2157 438 2246 gregatam
465 2136 639 2214 immanes
661 2139 759 2230 alias,
782 2140 953 2237 quasdam
972 2159 1092 2216 autem
1116 2140 1289 2229 cicurea3

250 2241 443 2312 nonnullas
467 2237 607 2311 abditas
635 2257 799 2336 terraque
829 2240 954 2313 tectas.
1005 2241 1127 2352 Atque
1161 2263 1290 2316 earum

251 2363 405 2452 quaque
435 2337 537 2411 suum
562 2355 687 2412 tenens
712 2363 855 2425 munus,
873 2363 958 2413 cum
981 2337 1021 2412 in
1040 2337 1188 2437 drsparis
1208 2341 1289 2414 ani·

252 2457 381 2512 manns
398 2438 507 2526 vitam
532 2437 676 2510 transrre
702 2463 775 2510 non
793 2438 911 2535 possit,
928 2455 1049 2512 manet
1066 2436 1104 2510 in
1121 2439 1202 2536 lege
1221 2465 1290 2512 na-

250 2553 356 2610 turae.
406 2537 455 2610 Et
481 2552 522 2611 ut
550 2534 672 2609 bestiis
700 2535 799 2608 aliud
825 2535 884 2610 alii
911 2531 1086 2635 praecipui
1111 2561 1132 2610 a
1157 2556 1288 2614 natura

190 2710 197 2718 ,
250 2635 376 2708 datum
391 2636 456 2719 est,
474 2637 574 2731 quod
591 2635 694 2712 suum
716 2659 871 2732 quaeque
889 2636 1029 2727 retinet,
1045 2661 1112 2710 nec
1130 2635 1289 2713 discedit

249 2735 296 2805 ab
325 2759 395 2806 eo:
428 2733 479 2806 stc
512 2733 652 2806 homini
684 2733 802 2806 multo
826 2733 1000 2832 quiddam
1033 2734 1286 2833 praestantiur:

249 2831 314 2905 etsi
338 2832 540 2930 praestantia
556 2835 689 2906 debent
705 2857 747 2904 ea
768 2830 854 2922 dici,
871 2858 953 2931 quae
971 2833 1106 2907 habent
1122 2833 1285 2934 aliquam

247 2930 579 3030 comparationem:
622 2933 801 3007 humanus
832 2950 953 3007 autem
988 2931 1141 3022 animus,
1172 2946 1199 2980 ¹¹¹
1218 2936 1286 3008 de·

248 3227 356 3288 Bassos.
385 3241 414 3287 et
438 3230 511 3289 Bak.
536 3228 615 3298 oriri3
650 3249 740 3305 eaque
787 3249 854 3296 nem,
867 3229 1045 3309 quibomr'nen
1058 3233 1200 3312 taquam
1215 3233 1289 3305 Deo¹¹
1348 3299 1352 3310 ,

247 3310 391 3387 scriptun,
405 3310 470 3367 licet
490 3311 587 3387 inepta
598 3310 631 3366 sit
642 3321 671 3366 et
692 3312 738 3368 in·
786 3325 811 3369 et
830 3311 862 3370 de
877 3311 932 3385 ejus
951 3313 1039 3371 dinen!
1058 3314 1102 3391 affl
1118 3313 1286 3391 subsanio.

244 3387 325 3457 suisa,
338 3391 487 3450 Gebhardo
500 3391 738 3468 probaridetur.·
787 3392 867 3450 sdem
900 3393 974 3451 inter
1006 3395 1094 3472 Epist.
1125 3397 1285 3472 Augustin.

286 3471 348 3528 'Iu
357 3472 409 3548 suo
426 3473 551 3550 quidque
566 3471 670 3547 genere]
692 3471 738 3530 Ita
786 3474 875 3532 xxvii.
905 3475 1013 3532 Anima
1026 3475 1063 3532 est
1078 3494 1096 3532 a
1104 3477 1212 3554 propria
1228 3478 1286 3537 Dei

244 3553 318 3629 Reg.
330 3563 359 3609 et
370 3553 509 3611 Pithoean.
540 3551 644 3629 vulgo,
656 3551 738 3632 quod·
776 3551 932 3630 snbstantias
946 3565 977 3612 ut
997 3554 1086 3622 Stoici,
1101 3555 1284 3626 Morimene.

244 3653 302 3713 que.
785 3647 811 3691 er
836 3633 968 3714 sstspam'ae
987 3633 1142 3712 Prisdllioni
1163 3639 1286 3716 Heresex

285 3723 308 3753 ⁸
329 3714 471 3792 Doenpnes
484 3733 518 3770 ex
533 3710 733 3789 medana]
775 3711 950 3793 suspicantur.
977 3717 1180 3785 Theodoreus,
1199 3719 1283 3782 Her.

243 3793 387 3870 Loquitur
408 3813 444 3852 ex
471 3813 566 3852 eorum
589 3793 736 3862 sententia,
786 3795 1090 3874 rab.1ib.v.eap.3.
1125 3794 1213 3856 Κατὰ
1233 3795 1282 3858 τὸν

244 3876 294 3949 qui
313 3875 452 3932 humanos
470 3874 579 3932 animos
593 3875 649 3932 Dei
669 3893 734 3950 par·
784 3873 906 3952 dorreti
916 3873 1081 3952 Μακρίωνος
1102 3874 1192 3956 λόγον
1212 3878 1281 3958 ὁμο·

242 3955 344 4011 teresse
355 3955 517 4013 statuerunt.
543 3956 734 4031 Hioronymur
782 3953 859 4024 riarde
879 3957 940 4019 t'str
958 3952 1070 4038 ἡψυχὴ
1084 3955 1119 4016 τῦ
1131 3956 1282 4035 mnnd-

243 4035 278 4090 ad
299 4033 420 4112 ctesiph.
442 4045 540 4094 eontra
560 4037 652 4112 Pelag.
666 4054 732 4112 pag.
782 4055 828 4102 τος
842 4035 912 4096 Gari.
932 4038 1005 4095 Vide
1015 4035 1227 4114 dretejusdem
1244 4040 1281 4097 li·

243 4126 311 4194 547.
343 4115 536 4194 Jaetadogma
550 4115 732 4194 Pythagorico·
782 4118 837 4188 bri,
857 4137 920 4196 cap.
937 4135 968 4198 9.
996 4119 1121 4182 Serrium
1143 4120 1183 4196 ad
1203 4120 1277 4179 AEn.

1236 4199 1276 4257 ti.
