2817 4859
407 382 561 445 LIBER
587 384 853 445 QUARTUS.
1006 402 1141 502 rm

109 538 256 618 mirarer
271 541 460 616 hominum
482 542 711 638 indignorum
738 543 990 620 sublevandas:
1017 546 1133 644 ipsum

110 642 202 715 illud
231 643 405 726 aemulari,
435 642 648 723 obtreeiare,
675 666 746 713 non
774 644 842 715 effe
870 643 1020 730 inutile3
1046 670 1133 720 cum

109 758 172 813 aut
186 742 223 815 se
240 763 314 813 non
331 740 427 812 idern
442 742 561 816 videat
575 739 806 812 consecutum
822 744 920 837 quod
936 742 1058 834 aliurn,
1071 762 1132 819 aut

108 841 235 923 alium,
250 839 347 911 idem
362 841 460 935 quod
477 838 511 911 se
526 868 536 911 z
554 855 690 911 metum
706 862 790 910 rero
807 840 835 911 fi
851 840 912 937 qui
932 840 1132 933 sustulillet,

109 960 257 1011 omnem
288 937 374 1010 vitae
406 936 628 1034 diligentiam
661 937 834 1011 sublatam
872 939 973 1022 fore;
1016 939 1132 1037 bquae

108 1038 250 1110 summa
269 1037 357 1109 effer
372 1036 409 1108 in
432 1035 495 1147 eis,
512 1033 574 1132 qui
598 1036 705 1132 leges,
730 1034 792 1132 qui
818 1038 1049 1133 magistratus,
1067 1040 1132 1134 qui

106 1154 366 1233 paupertatem,
399 1160 463 1230 qur
495 1133 742 1232 ignominiam,
774 1133 836 1230 qui
870 1152 1032 1221 mortem,
1067 1136 1133 1233 qui

107 1236 272 1306 dolorem
296 1234 473 1307 timerent.
524 1235 617 1305 Haec
643 1251 761 1303 tamen
788 1234 836 1304 ita
859 1234 1062 1331 disputant;
1089 1256 1132 1307 ut

109 1332 393 1405 resecanda-effe
419 1332 606 1415 fateantur,
623 1330 727 1402 evelli
752 1332 892 1427 penitus
917 1331 1038 1407 dicant
1065 1358 1131 1407 nee

107 1431 208 1528 poffe
225 1454 292 1503 nec
308 1454 399 1528 opus
414 1431 508 1503 else:
535 1442 594 1501 cet
610 1428 647 1499 in
665 1427 831 1501 omnibus
847 1430 919 1503 fere
937 1432 1039 1505 rebus
1056 1456 1131 1505 me·

108 1527 334 1603 diocritatem
362 1529 430 1601 effe
465 1526 873 1626 optimam-existiment.
926 1529 1019 1602 Quae
1047 1555 1132 1603 curn

107 1626 1131 1820 iiiiiiiilhliirl{illimiilleiiiiiidie*l

145 1782 157 1799 .
490 1753 510 1798 e
674 1750 684 1796 ε
843 1751 887 1797 ex
903 1750 947 1823 pe
989 1750 1023 1815 o,
1041 1752 1103 1823 qur

108 1828 153 1897 ad
172 1824 249 1897 ista.

156 1924 269 1999 XXI.
304 1924 365 1997 M.
396 1922 584 2019 Reperiam
619 1920 782 1993 fortaffe:
820 1919 878 1993 sed
912 1918 1003 1994 illud
1035 1938 1130 1996 ante.

107 2022 287 2106 Videsne,
303 2039 435 2118 quanta
458 2019 563 2093 fuerit
587 2021 683 2116 apud
708 2018 942 2091 Academicos
958 2046 1130 2095 verecun-

107 2120 196 2195 dia?
238 2122 342 2218 plane
375 2119 471 2193 enim
500 2117 625 2191 dicunt
652 2118 752 2213 quod
778 2120 917 2191 adrem
946 2120 1130 2214 pertineat.

108 2218 352 2317 Peripateticis
386 2219 613 2316 respondetur
644 2242 664 2286 a
693 2214 848 2288 Stoicis:
889 2216 1130 2313 digladientur

107 2316 176 2408 illi,
193 2344 258 2416 per
275 2343 332 2389 me
347 2316 455 2402 licet;
482 2314 541 2388 cui
567 2314 656 2385 nihil
672 2315 723 2385 est
744 2315 892 2403 neceffe,
909 2315 974 2385 nifi
999 2317 1062 2387 ubi
1087 2318 1132 2389 fit

107 2415 213 2505 illud,
244 2418 344 2513 quod
374 2416 448 2489 veri
481 2412 698 2486 fimillimum
730 2410 902 2500 videatur,
935 2414 1130 2507 anquirere.

107 2516 210 2589 Quid
237 2518 288 2587 est
310 2514 430 2612 igitur,
447 2515 544 2611 quod
567 2528 730 2583 occurrat
745 2509 760 2555 ‘¹
775 2510 809 2579 in
839 2510 904 2581 hac
922 2510 1130 2605 quaestione,

108 2638 181 2711 qua
195 2613 304 2711 poffit
320 2610 447 2709 attingi
471 2608 607 2708 aliquid
626 2607 698 2679 veri
724 2607 835 2681 fimile
854 2610 966 2704 ?·quo
992 2608 1131 2707 longius

107 2738 210 2787 mens
227 2712 381 2785 humana
395 2710 562 2808 progredi
581 2732 656 2781 non
680 2706 806 2803 potest.
859 2704 1034 2791 Definitio
1050 2733 1132 2805 per-

106 2809 345 2885 turbationis:
380 2834 452 2905 qua
480 2809 578 2881 redle
606 2808 789 2877 Zenonem
815 2806 918 2878 usum
945 2823 1055 2902 puto:
1082 2804 1132 2881 ita

106 2909 206 2982 enim
230 2907 377 2993 delinit3
404 2924 447 2979 ut
469 2903 684 2978 Perturbatr'o
698 2905 751 2998 stt
772 2905 919 2997 errverfir
941 2928 963 2974 a
989 2905 1129 2995 ratione,

104 3166 133 3215 et
152 3156 228 3216 rar.
244 3156 274 3213 rr.
295 3156 362 3231 780.
400 3154 549 3222 uaesana,
573 3154 597 3213 t-
641 3150 804 3231 qraeumuua
819 3147 873 3227 effer
892 3149 919 3206 n
938 3129 984 3208 ils.
1020 3148 1065 3207 cr.
1080 3168 1132 3209 aa·

105 3239 160 3317 ΕΡ.
176 3236 227 3315 78.
643 3246 700 3290 tem
711 3231 851 3288 Bentleius
861 3231 979 3307 reponit,
992 3231 1133 3309 qaaenul·

142 3318 281 3393 Indignas
301 3324 424 3394 premeret
440 3315 525 3394 pestis
537 3334 595 3371 carr
643 3312 735 3389 luffa
743 3312 770 3369 in
782 3310 900 3391 eis—qui
910 3309 1016 3368 dolorem
1029 3330 1085 3368 non
1096 3310 1133 3370 ti·

207 3395 409 3470 talidafiruccs.
643 3406 744 3450 merent.

104 3478 182 3537 Vide
200 3488 231 3534 et
250 3478 397 3546 Pedonem,
418 3475 495 3551 Eleg.
512 3474 532 3532 i.
546 3490 595 3549 49.
684 3481 697 3509 ⁶
717 3473 754 3529 Et
777 3470 805 3527 in
826 3467 941 3527 omnibus
958 3469 1021 3543 sera
1040 3466 1130 3543 rebus]

103 3578 137 3617 ae
149 3558 325 3616 Lambinum
340 3558 375 3613 ad
384 3555 497 3613 Horatii
507 3556 596 3614 serm.
644 3552 751 3627 Vulgo,
761 3563 799 3607 ut.
819 3550 945 3607 Alteram
960 3570 1023 3607 veto
1036 3550 1132 3606 lediio·

102 3640 153 3699 lib.
167 3640 200 3697 ii.
213 3638 310 3714 Eclog.
321 3637 352 3694 ii.
372 3654 436 3710 ¹03·
645 3649 709 3689 nem
736 3629 864 3707 praestant
895 3630 966 3705 Reg.
993 3629 1133 3687 Pithoean.

142 3717 160 3759 ὓ
182 3718 371 3793 quasnam
394 3716 451 3792 effer
474 3712 502 3770 ia
521 3714 598 3769 eir-
644 3714 723 3769 Med.
739 3711 807 3767 Bak.
821 3718 849 3766 et
863 3708 973 3766 Balliol.
1128 3715 1131 3721 '

103 3800 150 3878 μ’
162 3797 273 3855 dolorem
291 3796 419 3869 timerent]
440 3798 490 3853 An
511 3793 598 3869 igitur
683 3790 699 3828 ἃ
718 3792 750 3847 In
763 3789 812 3847 bac
829 3788 972 3868 quaestimre,
994 3806 1046 3867 qua
1060 3782 1134 3865 pofflt

103 3880 250 3939 omnrirus.
259 3877 309 3951 qui
317 3886 506 3953 paupertatem
514 3883 597 3930 crete·
645 3869 756 3947 attingi]
774 3870 878 3947 Vulgo,
891 3888 978 3945 aqam
996 3868 1070 3942 quod
1082 3885 1133 3942 pa·

105 3976 197 4035 raque
215 3976 338 4034 quorum
351 3956 482 4013 meminit
498 3952 610 4012 Noster,
646 3971 709 4009 rum
738 3950 836 4007 Latine
863 3948 1007 4012 diceretur,
1029 3954 1062 4003 ut
1084 3946 1132 4006 el.

104 4039 220 4103 timent,
233 4038 350 4113 equalis
367 4036 436 4095 inest
448 4035 514 4093 rite
532 4032 598 4089 dili·
645 4031 787 4090 Bentleius
801 4029 872 4085 redte
885 4026 1004 4083 monuit.

103 4118 227 4195 gentia?
247 4117 505 4194 namfirmmocerte
524 4112 598 4169 nihil
684 4110 826 4169 ‘Aversa
850 4128 867 4165 a
887 4104 998 4179 ratione]
1027 4104 1134 4183 Vulgo,

103 4199 243 4277 lupetius.
271 4194 373 4256 Forsan
385 4193 599 4275 Cloerol'eripdt
646 4190 756 4267 adverfir
787 4188 895 4255 ratione,
922 4186 973 4264 qui
1001 4186 1134 4323 loquoepdi

680 4288 733 4329 ‘ra
1037 4286 1065 4323 m
1104 4284 1136 4324 us
