2817 4859
400 398 835 465 rrrrroururua
1076 394 1137 501 ³⁸9

106 560 304 633 eomitatior.
355 560 411 634 Ut
427 561 522 636 enim
538 562 597 635 rel
614 561 751 637 summa
767 574 952 659 paupertas
968 554 1134 629 tolerabi-

102 659 151 735 lis
176 658 231 750 fit,
257 660 314 745 'fi
336 662 454 747 liceat,
481 664 580 759 quod
603 662 817 759 quibusdam
843 655 980 732 Graecis
1011 652 1131 754 quoti-

92 756 195 852 -diez
226 760 275 831 fic
306 758 448 833 caecitas
477 760 560 841 ferri
587 761 691 834 facile
719 760 836 871 possit,
861 758 889 831 fi
919 781 992 829 non
1018 753 1133 827 defint

106 850 532 933 subridiavaletudinum.
565 858 809 949 Democritus,
819 856 1015 932 luminibus
1028 853 1133 926 auris-

104 954 165 1045 fis,
182 957 263 1035 alba
279 956 413 1032 scilicet
436 958 632 1032 discernere
657 978 693 1031 et
715 977 789 1031 atra
811 983 883 1031 non
909 972 1070 1056 poterat3
1095 970 1132 1027 at

101 1078 192 1126 vero
218 1057 324 1142 bona,
349 1058 467 1142 mala3
494 1082 610 1155 aequa,
635 1057 783 1155 iniqua;
810 1056 968 1143 honesta,
988 1052 1149 1153 turpior

97 1152 220 1240 utilia,
255 1154 421 1240 inutilia;
455 1180 596 1253 magna,
627 1181 735 1254 parva
763 1173 922 1254 poterat:
955 1151 1025 1224 bet
1056 1150 1131 1225 fine

97 1253 272 1326 uarietate
289 1256 453 1327 colorum
474 1253 607 1329 licebat
624 1256 743 1328 uivere
772 1256 895 1328 beate:
921 1254 994 1325 fine
1012 1250 1130 1323 notio-

103 1375 153 1423 ne
180 1376 299 1425 rerum
323 1378 395 1425 non
419 1353 566 1435 licebat.
616 1356 739 1451 Atque
769 1351 828 1427 hic
857 1354 912 1427 uir
936 1348 1132 1447 cimpediri

103 1450 214 1523 etiam
230 1452 338 1524 animi
355 1453 469 1525 aciem
486 1452 634 1550 aspe&u
656 1454 844 1525 oculorum
871 1449 1104 1526 arbitrabatur
1118 1478 1128 1522 r

101 1565 143 1621 et
156 1548 174 1595 ‘¹
186 1574 270 1623 curn
294 1548 333 1623 hi
359 1552 464 1648 saepe,
482 1552 580 1648 quod
604 1552 808 1650 antepedes
825 1550 922 1636 effer,
940 1575 1012 1622 non
1029 1547 1131 1620 vide-

101 1664 195 1740 rent,
211 1648 300 1722 eilia
324 1648 540 1731 infinitatem
562 1674 708 1725 omnem
732 1652 952 1751 peragrabat,
969 1666 1009 1723 ut
1034 1648 1132 1722 nulla

144 1908 158 1937 ⁸
182 1899 213 1960 st
238 1902 321 1969 liccat,
347 1901 417 1983 quari
439 1900 591 1980 quibusdem
639 1902 723 1970 lium,
736 1922 764 1961 x.
783 1914 829 1978 17.

102 1981 206 2039 Graecir
219 1980 341 2061 quotidie]
364 1982 513 2041 Nimirum
523 2001 592 2039 men·
679 1979 695 2018 ἅ
717 1982 783 2040 Cum
797 1981 826 2039 hi
837 1977 918 2061 saepe,
932 1977 1001 2059 quod
1011 1992 1072 2037 ente
1084 1992 1129 2057 pe·

99 2058 189 2119 diem
198 2084 207 2128 ;
222 2083 286 2140 quae
297 2062 408 2120 honesta
420 2064 458 2120 est
471 2055 593 2120 deterui-
638 2061 684 2121 λα
704 2063 770 2142 effer,
790 2083 838 2119 nen
859 2060 996 2135 viderent]
1017 2061 1063 2119 Sic
1084 2061 1129 2117 cl.

97 2160 195 2215 waere,
205 2143 408 2201 etaLernbirro
416 2144 500 2218 probe
510 2141 593 2198 intel·
639 2142 789 2211 Bentleiua,
806 2151 838 2200 ut
852 2141 880 2200 bi
900 2142 934 2199 ad
953 2142 1046 2199 oculor
1060 2140 1130 2199 rese·

100 2220 185 2279 lette.
209 2222 326 2281 Urfinua
337 2221 466 2299 conjecit,
470 2224 501 2297 ſs
507 2222 592 2289 liceat,
640 2236 748 2283 rantur.
789 2224 895 2299 Vulgo,
917 2242 974 2281 cunr
993 2220 1044 2279 aiii
1059 2222 1132 2300 saepe

99 2300 172 2377 quod
178 2302 328 2382 quibrddem
338 2303 446 2371 Grecis,
458 2302 592 2382 quitiam.
638 2303 710 2383 quod
719 2302 863 2381 antepedes
872 2302 930 2382 essii
942 2322 990 2360 nen
1000 2302 1130 2359 viderint.

100 2383 160 2439 Sed·
172 2400 228 2439 non
242 2384 280 2441 est
292 2384 456 2441 audiendus.
640 2385 684 2441 At
702 2383 820 2443 viderent
839 2382 921 2441 estin
935 2383 1008 2459 Reg.
1023 2382 1129 2441 Pithoe·

143 2459 160 2499 ὓ
195 2462 231 2519 Et
253 2464 316 2539 fine
329 2461 482 2536 uarietate]
519 2462 592 2539 Reg.
640 2483 688 2525 an.
700 2476 729 2522 et
744 2464 824 2521 Med.

98 2551 130 2599 et
144 2542 284 2600 Pirhoean.
299 2544 355 2621 east
365 2545 502 2602 mannate.
523 2543 593 2601 For·
680 2551 694 2581 ἓ
713 2544 767 2603 Illa
779 2541 929 2615 bfirutatem
948 2560 1042 2601 omnem
1051 2557 1131 2621 pera-

99 2623 258 2699 fanestre
267 2625 397 2682 varietate
409 2628 461 2682 bre.
636 2623 752 2703 grabai]
776 2624 881 2701 Vulgo,
908 2622 952 2681 ille
977 2622 1129 2697 infinitatem

141 2702 382 2780 ‘repertricem
404 2704 484 2762 enimi
496 2698 590 2775 aciem]
639 2724 735 2763 earnem
745 2705 985 2783 peregrinabatur:
1000 2702 1046 2763 sed
1057 2724 1129 2782 prae-

99 2782 237 2841 Hancob
250 2784 359 2841 ceresam
381 2786 467 2842 oculi·
488 2782 513 2842 se
533 2783 593 2861 pri·
639 2786 803 2862 pofitiorrem
823 2784 907 2843 deesse
923 2783 994 2841 vidit
1013 2784 1130 2843 Lambi-

98 2862 173 2921 ratie
186 2864 305 2935 dicitur;
325 2866 486 2923 Plutarchus
496 2875 592 2923 tamen
639 2885 715 2931 nure
730 2884 814 2942 quare
823 2866 903 2942 legit,
915 2862 958 2921 iile
971 2864 999 2922 iu
1013 2863 1129 2936 infinita·

98 2964 160 3001 rem
174 2964 232 3001 non
247 2945 288 3002 ita
302 2945 328 3001 se
342 2945 590 3002 habuiffeconten-
638 2960 794 3003 temerantur
810 2942 1031 3024 peregrinabatur.
1059 2944 1129 3005 Viro

96 3026 154 3081 dit.
184 3025 259 3082 Vide
273 3024 442 3102 Menagiutn
457 3026 492 3083 ad
505 3026 593 3083 Laer·
638 3024 790 3083 tioffiffimo
810 3024 1015 3103 pmiritJoan.
1030 3024 1129 3083 Rivius

97 3104 136 3162 tii
145 3104 186 3161 ix.
201 3116 227 3181 ς.
237 3104 309 3162 xiiii.
320 3124 349 3179 3.
371 3106 472 3164 Noster
484 3105 591 3163 deFirr.
639 3106 674 3163 al
693 3105 836 3163 Ciceronis
855 3106 988 3173 Brutum,
1007 3124 1069 3183 cap.
1083 3126 1128 3167 xc.

97 3186 151 3242 tib.
165 3206 193 3243 r.
206 3204 232 3242 c.
248 3202 297 3261 29.
325 3186 504 3243 Democritus
519 3186 593 3260 (vere
639 3186 710 3245 Eam
720 3184 979 3263 saneconjeet'uram
991 3186 1129 3261 quodam·

86 3264 194 3343 firlsorre
206 3270 404 3340 quaereremur)
425 3266 519 3324 dr'citur
530 3286 590 3325 ocu·
639 3268 724 3325 modo
749 3264 862 3325 firmant
893 3266 951 3324 rat.
977 3269 1069 3343 quint.
1101 3276 1130 3325 et

95 3344 306 3423 lisseprivrff.
334 3346 420 3423 Lego,
436 3346 592 3425 merefeiso·
639 3348 711 3405 Bak.
736 3346 786 3423 qui
813 3346 886 3403 illem
912 3344 1062 3418 infinitatem
1086 3364 1128 3404 re-

96 3444 132 3483 ne
157 3445 209 3483 non
233 3444 391 3503 qaaeremm3
422 3428 493 3484 hanc
515 3429 590 3487 enim
640 3426 815 3503 praesentant.
839 3426 941 3485 Eliens.
961 3436 1055 3485 autem
1076 3424 1126 3485 sec.

94 3504 319 3581 disquisitionem
340 3506 388 3563 fibi
409 3526 465 3563 non
479 3505 592 3585 suscipi·
639 3506 771 3583 praeciare
784 3507 843 3575 dat,
856 3506 899 3564 ille
911 3504 1061 3579 irpiniterem
1074 3526 1127 3563 rm·
1145 3520 1149 3527 '

96 3586 204 3643 endam
223 3584 275 3643 etse
296 3586 411 3645 'l'uiliua
432 3587 592 3648 arbitratur.
639 3606 696 3645 nem
718 3584 889 3665 peragrabat.
927 3588 1082 3656 Lucretius,
1106 3587 1126 3645 i.

96 3666 295 3742 Hieronymus
318 3667 353 3724 ad
375 3668 531 3745 Abigaum,
553 3669 592 3726 E-
641 3681 691 3745 75.
1143 3726 1147 3737 ,

94 3746 163 3829 pist.
177 3746 266 3803 xxxii.
280 3764 345 3822 pag.
360 3762 428 3825 205.
460 3747 593 3825 Quosdam
680 3749 768 3825 Atque
789 3766 860 3805 omne
883 3744 1024 3826 immensum
1048 3766 1127 3825 pera·

96 3826 178 3885 etiam
197 3825 287 3883 mundi
305 3825 456 3917 philosophos
475 3829 591 3904 legimur,
721 3826 813 3903 gravit
827 3840 905 3885 mente
917 3831 1056 3907 amaroque.

97 3916 132 3963 ert
151 3918 232 3963 totam
256 3909 429 3983 cognationem
445 3906 593 3967 adurentis
639 3908 751 3975 Seneca,
778 3908 863 3983 Epist¹
887 3906 995 3964 lxxviii.
1031 3906 1127 3965 Rerum

94 3998 215 4063 cogerent
223 3987 374 4062 puritatem,
376 3987 432 4061 ſsbi
441 3988 521 4045 omlor
533 4009 591 4047 eru·
638 4002 761 4047 naturam
775 3987 932 4064 peragranti
950 4006 1080 4065 uunquam
1099 3988 1127 4045 ie

96 4065 154 4145 iffi.
178 4066 253 4123 Vide
267 4072 295 4123 et
308 4066 356 4124 lib.
366 4069 398 4127 ii.
413 4067 486 4125 advs.
498 4070 592 4146 Jorin.
630 4068 771 4143 frssidmnr
783 4066 882 4124 ueritas
894 4067 987 4127 veniet.
1009 4067 1080 4125 Vide
1093 4070 1127 4129 fir

96 4163 169 4223 pag.
183 4146 255 4222 365.
285 4148 470 4225 Porphyrium
486 4145 593 4226 espiri·
639 4148 731 4207 etlib.
746 4149 775 4207 ii.
790 4148 851 4205 lun
866 4166 928 4223 cap.
942 4165 1040 4221 31.ac
1056 4148 1128 4209 Lac·

95 4224 207 4315 ϊοχῇς,
224 4228 279 4287 tib..
288 4227 308 4288 i.
320 4247 346 4287 c.
359 4228 418 4303 36..
431 4240 461 4287 et
471 4231 513 4291 A.
525 4230 592 4289 Gel·
639 4228 773 4297 teretium,
788 4228 855 4289 Dir.
870 4227 936 4288 lust.
950 4228 1000 4289 lib.
1010 4229 1050 4289 ir.
1062 4248 1125 4323 cap.

191 4348 196 4361 .
504 4330 509 4340 ’
665 4326 713 4369 GC
725 4326 743 4385 3
1096 4329 1132 4375 “a
