2817 4859
250 345 294 408 ee
652 345 880 452 BEN'PLEH

254 523 358 602 syllaba
366 523 531 590 auctoru,
540 534 573 586 ut
582 525 641 603 ipse
651 525 697 588 ilie
707 526 798 599 rbiear
814 540 882 590 uam
894 523 1022 602 ornyto·
1034 525 1072 589 eil
1086 525 1118 588 in
1129 531 1236 601 quarto
1249 523 1293 581 lo·

254 639 305 692 co;
321 640 376 678 non
388 633 420 678 ut
435 619 464 676 in
478 620 575 680 ceteris
585 623 763 681 ditrochaeus.
787 623 853 698 Jam
865 623 884 680 fi
896 622 939 680 hia
952 619 1094 682 Trochaicis
1107 639 1197 680 uuam
1206 620 1292 696 sylla·

255 720 319 776 barn
342 715 538 794 preposuerit,
561 719 675 780 habebis
696 719 787 781 rtatim
802 717 924 782 lambras
943 719 1134 778 Tetrametroa
1154 718 1292 775 acatalec-

253 827 306 883 ωε,
321 817 372 872 lroc
386 813 434 882 eli,
448 815 556 893 plenos,
568 829 597 876 at
611 817 753 896 integros:
776 834 809 876 ut
823 817 898 878 verbi
911 817 1020 896 gratia:

351 949 387 1000 ur
399 949 447 998 iaie
458 951 501 1004 ubl
516 947 521 1015 Ι
536 950 563 998 sn
573 951 690 1012 irgumm
703 949 710 1014 Ι
724 959 778 1000 tum
789 950 882 1016 simper
893 951 919 998 in
931 946 938 1015 Ι
950 949 1048 1011 promtu
1061 950 1141 1006 titum,

353 1031 393 1082 Ur
404 1033 494 1094 nequid
505 1047 536 1080 ex
550 1031 556 1098 Ι
570 1031 647 1096 pitter
657 1035 706 1086 ami
719 1029 727 1098 Ι
740 1049 782 1080 cos
793 1032 858 1094 quid
870 1043 922 1084 tute
933 1047 976 1095 age
990 1030 995 1098 Ι
1009 1048 1034 1080 re
1045 1032 1137 1095 priffier.

254 1145 332 1222 Ergo
344 1165 379 1203 err
395 1147 537 1222 posteriore
550 1165 647 1222 genere
667 1147 728 1214 hoa,
741 1147 776 1204 de
796 1147 899 1223 quibus
912 1167 989 1204 nunc
1010 1147 1118 1222 agimur
1132 1145 1225 1204 versu·
1237 1144 1290 1206 effi

255 1246 419 1300 autumabat
434 1243 556 1321 Scaliger
568 1253 595 1305 et
609 1245 660 1320 qui
681 1265 746 1308 curn
767 1245 872 1305 secuti:
894 1254 928 1305 ut
949 1255 1022 1304 certe
1043 1242 1155 1322 quidem
1175 1243 1288 1310 sunt,ti

254 1353 391 1420 receptam
406 1341 552 1406 laelionam
567 1343 756 1409 admittimus,

351 1471 406 1518 lieu
418 1471 530 1532 re'liquiaa
544 1467 550 1530 Ι
563 1471 663 1519 semiiil'r
673 1487 696 1518 re
709 1467 716 1536 Ι
730 1471 765 1532 gis
777 1471 871 1518 de'nuda
885 1467 892 1535 Ι
905 1471 934 1518 tis
943 1469 1031 1519 dffibua

349 1549 491 1600 aarum
502 1551 551 1598 faui
566 1547 572 1614 Ι
584 1549 691 1602 ediiilm
706 1549 712 1615 Ι
725 1561 761 1600 tar
770 1549 840 1602 stede
849 1551 874 1600 di
888 1548 894 1614 Ι
908 1549 1021 1602 reain'er.

252 1667 360 1728 Verum
380 1669 409 1726 in
430 1689 462 1726 eo
483 1679 542 1726 tota
561 1663 709 1725 difficultas
723 1667 855 1736 versatur,
870 1687 905 1723 an
921 1677 1027 1744 recepta
1041 1664 1124 1723 tectio
1136 1667 1172 1723 tit
1187 1665 1291 1723 admit·

254 1767 346 1824 tenda.
388 1765 526 1843 Equidem
549 1765 576 1822 id
598 1785 729 1844 pernego,
750 1785 816 1822 eum
840 1785 873 1822 ex
897 1765 956 1842 ipso
975 1764 1111 1822 Cicerone
1135 1762 1290 1840 planillime

255 1871 379 1940 apparet,
396 1863 455 1919 haec
476 1881 588 1940 quoque
607 1864 641 1919 ab
661 1861 761 1919 umbra
774 1861 903 1938 Polydori
918 1859 992 1917 diela
1005 1859 1066 1929 effe,
1082 1860 1111 1918 in
1131 1861 1228 1918 eadem
1241 1853 1289 1937 il·

196 2041 200 2050 Ι
254 1979 296 2019 σει
311 1979 367 2038 qua
382 1958 475 2038 priora
491 1960 548 2029 iila,
1069 1948 1073 1955 ⁴

350 2089 429 2138 Mater
441 2098 463 2136 te
474 2087 579 2152 appello,
591 2101 645 2156 quae
658 2101 742 2136 curam
754 2088 839 2136 somno
850 2087 984 2149 suspensam
995 2085 1078 2138 levare

253 2215 280 2266 et
296 2205 398 2263 ideirco
411 2225 475 2263 curn
491 2205 584 2282 priora
597 2205 650 2262 srnt
664 2203 828 2272 Trochaiea,
842 2206 927 2262 etiam
941 2207 1000 2264 haec
1012 2225 1045 2262 ex
1060 2205 1130 2264 artie
1143 2203 1204 2282 lege
1217 2203 1290 2262 Tro·

253 2303 351 2364 chaica
362 2302 411 2364 eise
423 2311 543 2382 oportet.
565 2302 721 2380 Reliquum
731 2302 769 2358 esi
782 2300 878 2378 igitur,
892 2312 925 2360 ut
937 2301 1073 2378 sequendo
1083 2314 1158 2358 oerta
1172 2301 1289 2377 vestigia

254 2419 324 2476 quos
338 2397 491 2476 quaerimus
506 2417 636 2458 numeros
658 2398 725 2455 hine
744 2415 884 2455 eruamus.
924 2399 1024 2471 Atque
1044 2395 1088 2453 illi
1109 2395 1237 2472 quidem,
1258 2395 1288 2452 ni

253 2495 344 2561 fallor,
357 2495 404 2557 sua
420 2495 514 2578 sponte
529 2496 695 2554 exorientur.
738 2494 880 2553 Quorsum
892 2494 968 2551 enim
980 2493 1049 2550 illud
1063 2493 1184 2550 Raorr?
1205 2493 1292 2550 Certe

250 2589 405 2670 Polydo‘rua
419 2595 478 2652 haec
492 2593 526 2652 de
544 2591 569 2651 se
585 2592 712 2670 loquitur
721 2617 730 2663 ;
753 2592 776 2648 is
796 2602 890 2648 autem
905 2591 1024 2648 minime
1035 2600 1095 2648 erat
1108 2607 1177 2646 rex:
1201 2587 1289 2646 Quot

253 2689 272 2750 fi
295 2689 404 2760 fuiiietr
428 2689 453 2750 se
475 2701 568 2749 tamen
589 2707 681 2766 regem
705 2687 854 2766 appellare,
875 2685 1027 2764 prasertim
1045 2684 1106 2761 jam
1128 2696 1287 2751 mortuum,

185 2787 189 2794 “
252 2785 410 2864 cujuseffet
430 2785 565 2845 insaniae?
597 2785 671 2844 Illud
692 2806 805 2869 quoque
825 2781 1289 2866 scireareommrrrrsrquidfibi

253 2883 343 2942 veliti
377 2883 490 2955 Dicent,
505 2884 614 2966 opinor,
619 2883 768 2964 'semiplum
783 2880 1053 2960 fircsemiryiulatunr.
1087 2879 1181 2956 Atqui
1196 2895 1290 2955 noque

252 2977 338 3042 funus
362 2979 469 3043 saelum
494 2982 531 3038 est
560 2981 702 3060 Polydoro,
724 2991 758 3038 ut
780 3001 879 3058 corpus
906 2980 991 3038 suerit
1019 2977 1287 3036 semiustulandum:

254 3079 466 3160 (projiciebatur
487 3080 593 3158 quippe
615 3079 772 3138 volucribus
790 3089 818 3138 et
837 3077 912 3145 feria,
926 3097 977 3134 nec
996 3076 1056 3153 rogi
1075 3094 1127 3132 nee
1146 3073 1287 3152 sepulchri

250 3173 324 3254 julla
344 3173 518 3246 consecutus)
534 3197 623 3254 neque
639 3197 702 3234 vero
712 3177 845 3255 senriaffirs
859 3174 917 3232 ullo
931 3175 960 3231 id
974 3175 1056 3231 modo
1071 3171 1221 3249 fignificare
1234 3191 1289 3249 po-

252 3275 312 3339 teil.
346 3275 388 3341 Ea
407 3276 482 3338 enirn
497 3275 625 3334 vocabuli
640 3277 715 3334 illius
728 3277 770 3332 vis
784 3275 831 3344 est,
844 3286 877 3332 ut
892 3276 926 3332 ad
940 3273 1016 3332 cibos
1030 3283 1058 3332 et
1072 3274 1107 3330 ad
1122 3272 1288 3331 vescendum

252 3375 359 3452 semper
372 3373 513 3435 referatur.
554 3371 621 3430 Non
636 3372 731 3450 itaque
749 3370 884 3449 Polydoro
902 3371 1030 3430 convenit
1052 3370 1121 3428 illud
1131 3367 1290 3448 straiaffim

251 3471 332 3536 Terei
351 3473 444 3549 potina
467 3481 515 3536 aut
534 3471 662 3547 Thyestae
683 3468 759 3538 filiis,
779 3470 829 3546 qui
850 3469 879 3527 in
899 3468 1027 3526 convivio
1046 3468 1090 3524 rel
1109 3466 1226 3525 semiaffi
1242 3465 1287 3524 vel

253 3571 298 3630 aisr
313 3573 473 3650 parentibus
488 3573 709 3654 apponebantur.
739 3569 852 3627 'Quidt
880 3569 982 3644 Jamne
996 3565 1072 3624 vides
1093 3563 1188 3641 hujus,
1201 3583 1290 3644 quem

252 3669 361 3738 volunt,
374 3667 522 3726 Oilonarii
535 3665 752 3730 absurdiffirnam
766 3663 948 3724 sententiam?
983 3661 1063 3722 Quid
1077 3660 1123 3722 ille
1138 3661 1209 3721 alter

348 3799 391 3856 Pet
400 3809 487 3852 terram
497 3799 562 3850 sanie
572 3797 689 3849 delibutae
700 3796 763 3844 foede
773 3795 796 3843 di
798 3809 876 3842 rexan
859 3793 922 3884 rieri

255 3914 345 3982 Quid,
359 3913 479 3984 malum,
493 3912 522 3972 id
536 3912 717 3983 lamentatur.
730 3909 804 3990 quod
813 3923 861 3988 per
873 3921 968 3968 terrm
982 3862 1156 3982 elimando»
1169 3905 1222 3964 lit?
1249 3923 1293 3962 au

254 4010 350 4068 mallet
359 4027 406 4090 per
419 4030 516 4089 aqum
528 4030 545 4070 a
559 4007 678 4076 marinis
689 4006 798 4077 &lilla
807 4006 1015 4083 autpera'c'raaa.
1018 4003 1203 4075 aeuituribus
1212 4000 1291 4057 dila

253 4108 358 4174 nenti?
393 4109 477 4175 Nihil
491 4107 548 4174 vidi
562 4106 690 4172 stultius·
711 4115 741 4173 et
753 4086 879 4183 protiilo
893 4101 945 4162 troc
964 4101 1049 4160 etiarn
1069 4098 1134 4157 aliia
1153 4097 1289 4161 suboluit.
