2817 4859
293 374 352 435 ποῦ
508 370 699 434 Tuscun.
723 366 1111 435 uranum-tortum

291 532 334 605 tit
347 528 535 605 Gracchus
548 532 586 604 in
601 530 777 605 concione
794 532 961 607 Pisonem
973 532 1147 605 stentem:
1171 526 1319 627 queit,

291 630 459 728 audiente
483 654 569 727 pop.
597 632 777 715 Romano,
803 632 863 728 qui
894 630 957 704 nbi
989 632 1139 719 constet,
1167 648 1255 703 cum
1278 648 1324 703 en

290 732 371 827 iege
395 731 615 803 numentum
639 744 748 826 petet,
769 728 909 828 ¹‘quum
934 728 1141 802 diiiuaserit.
1193 724 1321 817 Natta,

291 827 422 925 inquit,
447 852 518 901 mea
543 828 639 918 bona,
666 827 828 913 Graeche,
855 828 918 901 ribi
939 828 1070 900 uiritim
1091 826 1260 899 dividen-
1280 822 1322 899 li·-

292 925 370 1000 beat
384 957 395 1012 ς
407 926 788 1097 sedfisacias,purtenr
798 944 923 1027 petam.
971 927 1145 1001 Parumne
1160 927 1324 999 declara-

290 1026 348 1099 vit
367 1026 423 1098 vir
447 1027 562 1122 gravis
587 1045 622 1097 et
662 1024 796 1123 apiens,
812 1028 890 1124 lege
916 1025 1124 1124 Sempronia
1148 1024 1322 1121 patrimo·

291 1123 394 1199 nium
424 1124 612 1221 publicum
641 1124 823 1222 diffipari?
876 1126 973 1223 Lege
1003 1122 1177 1197 medones
1203 1124 1322 1195 Grac·-

293 1224 375 1307 chi;
402 1242 591 1319 patronum
614 1222 723 1295 aerarii
746 1224 816 1297 effe
839 1222 947 1297 dices.
998 1223 1322 1321 NegutEpicutus

288 1321 447 1419 jucunde
464 1323 561 1419 poffe
580 1322 668 1407 vivi,
684 1321 750 1394 nist
776 1346 859 1395 cum
877 1322 1006 1395 virtute
1023 1322 1185 1405 vitaturi
1212 1340 1322 1417 negat

290 1422 401 1495 ullam
429 1420 464 1494 in
482 1419 685 1517 Sapientem
700 1420 776 1493 vim
792 1422 860 1493 effe
878 1421 1054 1494 fortunae:
1081 1434 1227 1492 tenuem
1245 1423 1322 1492 vic-

292 1539 372 1593 tum
404 1518 555 1592 antefert
583 1518 752 1616 copioso:
787 1538 894 1617 negat
920 1520 1038 1593 ullum
1071 1520 1140 1591 effe
1167 1536 1322 1615 tempus,

291 1644 367 1715 quo
384 1618 529 1716 Sapiens
545 1642 617 1691 non
635 1619 758 1691 beatus
774 1618 818 1691 fit
832 1646 851 1689 z·
868 1616 988 1691 omnia
1004 1617 1223 1729 philosopho
1239 1616 1323 1729 dig-

293 1742 361 1803 ηας
388 1717 448 1789 sed
464 1741 550 1790 cum
566 1718 749 1814 voluptate
773 1716 980 1815 pugnantia.
1032 1717 1119 1789 Non
1146 1716 1251 1788 rstaru
1268 1720 1323 1788 dr-

237 1834 238 1837 ’
293 1816 344 1889 cit
360 1818 592 1913 voluptatem.
643 1814 752 1889 Dicat
776 1815 999 1913 quamlibet:
1026 1838 1155 1913 nempe
1170 1812 1322 1887 eamdi·

291 1916 355 1998 cit,
374 1914 411 1987 in
427 1940 499 2011 qua
515 1914 654 1989 virtutis
671 1916 770 1989 nulia
788 1940 865 2013 pars
892 1914 985 1987 infit.
1035 1914 1128 2011 Age,
1146 1912 1175 1985 fi
1193 1916 1323 2012 volup-

289 2030 402 2087 tatem
418 2039 490 2085 non
504 2012 748 2110 intelligimur,
765 2039 809 2086 ne
827 2014 987 2087 dolorem
1000 2013 1176 2107 quidem?
1212 2014 1323 2111 Nego

290 2110 402 2210 igitur
418 2112 491 2207 ejus
506 2112 588 2201 effe,
605 2111 668 2209 qui
685 2113 809 2187 dolore
834 2112 1012 2185 summum
1037 2112 1171 2185 malum
1197 2110 1323 2187 metia-

293 2230 363 2293 tur,
381 2208 598 2284 mentionem
615 2211 729 2283 facere
746 2211 908 2285 vrrtutiss

341 2308 448 2383 XXI.
475 2309 525 2382 Et
547 2328 745 2407 queruntur
769 2310 916 2407 quidam
942 2307 1123 2406 Epicurei,
1140 2304 1210 2381 viri
1228 2306 1323 2405 opti·

291 2408 355 2498 mi,
375 2414 473 2498 (nam
498 2410 639 2481 nullum
663 2432 774 2507 genus
800 2410 849 2480 est
874 2408 991 2480 minus
1015 2406 1248 2501 malitiosum)
1268 2430 1322 2479 rne

292 2508 443 2586 studiose
458 2506 575 2580 dicere
593 2526 717 2579 contre
734 2505 955 2604 Epicurum:
984 2505 1032 2579 ita
1049 2508 1168 2591 credo,
1187 2508 1234 2578 de
1256 2506 1322 2579 ho-

292 2631 377 2683 nore
393 2628 453 2678 aut
470 2606 514 2678 de
531 2604 704 2701 dignitate
722 2603 980 2678 contendimus.
1024 2602 1123 2679 Mihi
1142 2604 1322 2679 summitti

291 2701 330 2787 in
347 2702 467 2775 animo
484 2704 619 2775 bonum
637 2703 790 2793 videtur,
805 2702 858 2776 illi
873 2720 991 2775 autem
1008 2702 1044 2776 in
1063 2726 1235 2801 corpore:
1256 2700 1322 2775 mi-

291 2800 331 2873 hi
348 2800 385 2875 in
402 2802 543 2888 virtute,
562 2800 613 2873 illi
639 2802 677 2873 in
691 2803 885 2898 voluptate.
937 2802 986 2875 Et
1013 2800 1064 2875 illi
1090 2818 1270 2900 pugnant,
1288 2820 1322 2873 et

291 2899 440 2999 quidem
465 2899 666 2974 vicinorum
690 2900 802 2973 fidem
828 2901 1043 2999 implorant:
1071 2898 1176 2975 multi
1201 2920 1323 2973 autem

292 3000 384 3087 sunt,
401 3000 464 3096 qui
490 2998 606 3073 statim
630 3000 845 3073 convolent:
873 3024 942 3097 ego
967 2999 1045 3071 sum
1061 2998 1104 3086 is,
1123 2999 1185 3099 qui
1204 3000 1324 3073 dicam

292 3123 350 3170 me
376 3124 448 3169 non
474 3100 644 3184 laborare,
661 3098 786 3171 adium
812 3096 1020 3172 habiturum
1046 3100 1145 3197 quod
1164 3099 1323 3197 egerint.

293 3196 393 3271 Quid
411 3196 534 3269 enim?
569 3200 613 3269 de
640 3197 735 3268 bello
762 3196 901 3269 Punico
916 3194 1057 3293 agitur?
1092 3200 1230 3295 dequo
1250 3196 1325 3297 ipio

292 3320 378 3368 cum
402 3293 499 3368 aliud
525 3295 586 3369 M.
604 3294 746 3383 Catoni,
763 3293 860 3367 aliud
887 3296 928 3368 L.
948 3296 1103 3369 Lentulo
1128 3295 1323 3382 videretur,

293 3396 392 3468 nulla
407 3394 498 3465 inter
515 3419 574 3466 eos
596 3390 815 3467 concertatio
832 3418 992 3491 unquam
1011 3393 1091 3469 fuit.
1143 3393 1196 3467 Hi
1217 3392 1324 3467 nimis

292 3490 459 3569 iracunde
484 3509 620 3589 agunt:
652 3490 843 3589 presertim
869 3517 954 3565 cum
980 3494 1025 3565 ab
1057 3490 1112 3567 hir
1140 3518 1211 3567 non
1244 3494 1322 3567 sane

291 3592 446 3665 animosa
463 3592 673 3664 defendatur
698 3589 895 3675 sententia;
921 3614 986 3688 pro
1012 3616 1083 3689 qua
1110 3616 1183 3665 non
1207 3590 1246 3664 in
1272 3592 1323 3664 se-

290 3712 389 3781 natu,
408 3715 479 3763 non
497 3690 533 3761 in
550 3688 736 3775 concione,
754 3712 825 3761 non
844 3693 939 3787 apud
956 3691 1166 3782 exercitum,
1184 3690 1323 3789 ineque

330 3958 457 4034 Quam
480 3956 645 4035 diffuaserit]
674 3958 780 4034 Vulgo,
869 3954 875 3993 ἲ
899 3958 987 4035 Neque
1010 3957 1045 4014 ad
1071 3954 1192 4035 censores]
1216 3956 1325 4035 Vulgo,

292 4037 447 4116 cdfficasarut.
488 4040 539 4099 sed
554 4042 669 4098 alteram
684 4039 780 4097 lediio·
828 4036 1023 4115 apudcnffores.
1052 4036 1323 4113 Leciiouemquam

292 4138 357 4175 ncrn
386 4135 473 4177 ratam
501 4120 607 4177 faciunt
634 4119 711 4196 Reg.
735 4118 779 4175 Pi·
830 4117 994 4193 recepimus,
1012 4116 1127 4175 firmant
1149 4117 1224 4193 Reg.
1244 4116 1323 4177 Med.

292 4203 398 4259 thoenn.
412 4210 439 4256 et
456 4202 555 4259 Elicnt'.
570 4202 620 4259 sec.
830 4196 934 4257 Eliens.
954 4214 997 4275 pr.
1013 4196 1065 4256 sec.
1081 4210 1143 4257 tert.
1156 4198 1254 4259 Vatic.
1274 4198 1324 4333 Pes·

1238 4290 1323 4335 tren.
