2817 4859
438 361 590 422 LIBER
621 359 876 424 QUINTUS.
1118 375 1178 442 357

139 574 144 584 .
196 516 323 592 XXV.
348 519 443 593 Haec
469 520 636 594 tractanti
664 522 796 610 animo,
821 539 857 594 et
887 519 1007 592 nodos
1031 533 1067 592 et
1100 519 1175 594 dies

145 617 336 715 cogitanti,
354 619 472 692 existit
489 622 549 692 illa
566 646 586 693 a
603 624 670 693 deo
687 621 838 722 Delphis
853 637 1031 716 praecepta
1047 619 1176 716 cogni-

149 713 215 802 tio,
230 736 272 789 ut
289 716 363 814 ipsa
388 719 421 790 se
444 745 543 792 mens
567 721 746 818 agnoscat,
764 719 1065 814 conjundlainque
1089 743 1174 796 cum

147 813 272 890 divina
289 838 406 890 mente
424 818 458 890 se
476 818 626 893 sentiet:
652 845 699 892 ex
716 846 789 918 quo
807 819 813 864 ¹
828 815 1015 890 insatiabili
1041 817 1173 914 gaudio

143 917 374 1012 completur:
414 915 488 1016 ipsa
518 918 614 990 enim
639 919 812 1018 cogitatio
840 918 884 988 de
914 916 950 987 vi
980 933 1015 986 et
1049 933 1174 988 natura

144 1015 310 1101 deorum,
327 1015 486 1090 studium
517 1015 677 1090 incendit
702 1017 835 1090 millius
863 1013 1065 1086 aeternitatis
1091 1013 1172 1086 imi-

144 1115 288 1200 tandae;
315 1129 458 1213 nneque
476 1116 509 1189 se
526 1116 562 1189 in
582 1117 752 1190 brevitate
769 1115 854 1190 vitae
872 1115 1086 1186 collocatum
1104 1138 1173 1210 pu-

144 1229 210 1301 tat,
229 1238 313 1288 cum
332 1239 449 1288 rerum
474 1215 591 1288 causas
617 1216 700 1289 alias
727 1241 772 1288 ex
792 1212 868 1288 aliis
885 1231 981 1310 aptas
999 1231 1034 1285 et
1050 1210 1171 1284 neces-

143 1311 246 1384 sitate
263 1338 370 1386 nexas
387 1310 507 1386 videt:
535 1315 735 1412 quibusab
761 1333 895 1386 aeterno
920 1331 1079 1409 tempore
1100 1310 1172 1381 slu-

143 1408 288 1486 entibus
307 1412 342 1484 in
360 1431 535 1486 aeternum
560 1415 648 1486 ratio
673 1431 794 1488 tamen
819 1411 987 1508 mensque
1011 1413 1174 1484 modera-

133 1529 214 1582 tur.
266 1511 359 1584 Haec
385 1509 445 1587 ille
471 1511 611 1585 intuens
636 1532 742 1610 atque
760 1512 962 1611 suspicient,
979 1511 1036 1582 vel
1056 1507 1175 1606 potius

144 1634 270 1681 omnes
294 1629 410 1708 partes
427 1611 573 1708 orasque
591 1611 891 1710 circumspiciens,
908 1628 1040 1706 quanta
1057 1607 1173 1680 rursus

143 1709 255 1780 animi
272 1709 527 1807 tranquillitate
545 1711 700 1784 humana
716 1729 752 1784 et
769 1710 931 1783 citeriora
947 1707 1170 1780 considerat?

144 1805 233 1880 hinc
258 1808 319 1880 illa
344 1807 503 1906 cognitio
527 1809 668 1884 virtutis
693 1807 834 1881 existit:
862 1805 1088 1880 efflorescunt
1110 1829 1174 1900 ge-

141 1932 228 1978 nera
252 1908 437 2005 partesque
458 1909 654 1982 virtutum:
682 1907 873 1996 invenitur,
891 1904 980 2004 quid
1005 1904 1049 1976 fit
1074 1904 1173 2001 quod

141 2023 269 2078 natura
293 2007 429 2105 spedlet
454 2025 653 2080 extremum
678 2008 716 2079 in
742 2007 856 2096 bonis,
873 2003 1045 2102 ‘'quidin
1072 2000 1172 2076 malis

141 2104 339 2178 ultimum:
367 2131 441 2203 quo
467 2107 649 2179 referenda
667 2107 737 2179 fint
755 2103 898 2179 officia:
926 2130 1008 2202 quae
1036 2104 1171 2199 degen-

138 2205 201 2275 dae
226 2203 339 2277 aetatis
356 2203 446 2278 ratio
464 2204 657 2303 diligenda.
710 2203 852 2278 Quibus
869 2223 904 2276 et
921 2202 1049 2276 talibus
1066 2204 1171 2274 rebus

134 2302 343 2398 ¹exquisitis,
362 2304 431 2376 hoc
449 2306 506 2377 vel
523 2303 678 2377 maxime
696 2303 863 2386 efficitur,
881 2302 980 2398 quod
1007 2301 1073 2373 hac
1100 2298 1170 2372 dis·

140 2401 327 2499 putatione
352 2403 503 2500 agimus,
528 2420 570 2474 ut
585 2401 698 2476 virtus
715 2403 760 2474 ad
787 2404 887 2475 beate
905 2399 1101 2472 vivendum
1124 2397 1171 2470 fit

139 2501 176 2573 se
200 2500 276 2598 ipsa
298 2521 477 2576 contenta.
529 2501 697 2599 Sequitur
721 2499 837 2586 tertia,
854 2522 936 2598 quae
961 2523 1024 2596 per
1047 2521 1171 2570 omnes

139 2619 258 2700 partes
284 2598 462 2698 sapientiae
487 2621 606 2673 manat
623 2616 660 2673 et
675 2600 860 2686 funditur,
887 2621 969 2698 quae
988 2621 1063 2670 rem
1078 2594 1172 2670 defi·
1199 2687 1205 2692 ἡ

141 2698 210 2787 nit,
240 2725 370 2798 genera
398 2699 572 2798 dispertit,
601 2697 783 2796 sequentia
811 2697 985 2796 adjungit,
1011 2695 1172 2795 porsessa

141 2799 343 2885 concludit,
362 2824 444 2871 vera
468 2817 504 2874 et
530 2799 615 2871 salsa
635 2797 833 2894 dijudicat3
861 2793 1062 2870 Disserendi
1082 2796 1171 2867 ratio

139 2917 178 2978 et
195 2895 368 2974 scientiar
395 2922 442 2970 ex
465 2923 537 2998 qua
561 2922 647 2976 cum
672 2897 810 2974 summa
833 2893 966 2968 utilitas
989 2893 1109 2968 existit
1125 2893 1172 2970 ad
1264 2924 1269 2935 ’

179 3147 627 3228 ¹lnfi1tiabisgandiocompletsr]
676 3149 722 3207 Se.
738 3148 780 3206 iii.
797 3165 842 3209 η.
882 3148 954 3206 Vide
974 3144 1118 3206 Saunium
1139 3151 1168 3204 et

138 3231 184 3288 Sic
199 3231 411 3290 Cl.Bentleius.
444 3232 550 3308 Vulgo,
562 3251 629 3289 com·
678 3228 856 3289 Periwnium
872 3229 995 3288 Minert.
1016 3228 1064 3284 lib.
1085 3227 1167 3287 iiic.

133 3312 249 3389 plcatur.
678 3311 738 3369 viii.
759 3329 824 3387 pag.
832 3329 904 3387 459.

178 3399 202 3427 ¹¹
223 3391 299 3448 Illius
308 3391 459 3450 almitatis
470 3389 628 3468 imitanda]
719 3401 734 3428 ¹¹
755 3392 844 3469 Neque
853 3392 885 3467 sc
904 3390 932 3447 in
952 3386 1079 3445 brevitate
1100 3385 1169 3444 vitae

140 3471 279 3548 Quinque
293 3473 361 3529 Pall.
376 3473 483 3530 Fabric.
499 3476 567 3549 Reg.
583 3474 629 3530 Pi·
675 3471 846 3530 collocatum
862 3469 954 3549 putat]
968 3459 1082 3544 'Vulgo
1094 3467 1168 3524 collo·

90 3588 97 3600 ·
137 3553 460 3611 thoean.Mod.etBalr.
473 3553 630 3612 illiusaeter·
678 3563 774 3610 catam.
814 3552 866 3610 Sed
889 3552 925 3609 ad
949 3551 1091 3608 hominem
1116 3548 1167 3625 qni

139 3632 379 3691 eruatisimitandi.
404 3634 448 3690 Sic
456 3634 556 3692 codicis
566 3633 630 3712 Jus·
673 3636 738 3695 ,haec
759 3633 854 3692 animo
875 3631 986 3699 tradat,
1000 3650 1056 3688 non
1071 3630 1105 3688 ad
1119 3649 1165 3686 co-

139 3713 257 3770 tinianei
272 3713 322 3771 lib.
336 3732 364 3771 v.
377 3714 439 3774 Tit.
453 3716 559 3772 xxxvii.
575 3716 630 3791 leg.
677 3713 843 3790 gitationem
859 3713 983 3772 refertur.
1012 3711 1109 3768 Quare
1120 3711 1166 3768 Pi·

140 3813 188 3850 22.
224 3795 308 3871 lpfius
327 3795 453 3870 pecuniae
468 3795 508 3868 (in
521 3815 575 3874 qua
588 3817 629 3852 ro·
677 3797 826 3858 thurones
840 3794 947 3852 Erasini
961 3794 1110 3850 editionem
1125 3791 1164 3850 se·

137 3873 189 3931 bur
216 3894 287 3931 omne
301 3874 510 3951 patrimoniorum
531 3888 629 3933 veteres
678 3894 759 3952 quor.

135 3955 283 4032 posuerunt)
314 3954 468 4012 soenerandi
496 3957 556 4032 usus
578 3956 629 4012 vie
718 3956 732 3982 ⁰
758 3954 838 4013 Quid
868 3954 896 4012 in
923 3953 997 4011 malis
1022 3951 1164 4028 ultimum]

137 4035 287 4103 diruuntur,
296 4034 629 4110 vincentinuusetstabilis
678 4035 784 4112 Vulgo,
798 4032 872 4112 quod.
914 4035 954 4091 Ut
967 4033 1106 4090 edidimus
1119 4053 1166 4092 ex·

137 4117 180 4190 est.
195 4117 305 4185 ‚Eadem
316 4114 628 4174 construslioneTeren·
678 4117 776 4172 hibent
794 4115 867 4192 Reg.
890 4116 1028 4180 Pithoean,
1049 4115 1126 4174 nied.
1138 4122 1167 4176 ex

139 4197 198 4262 lius
219 4197 257 4257 est
280 4195 354 4267 usus,
369 4198 473 4281 Hecyr.
492 4197 559 4260 Adi..
573 4197 629 4259 Ill.
676 4195 789 4256 Balliol.
909 4273 914 4280 ι

703 4297 722 4333 n
738 4294 784 4357 ²3
