2817 4859
275 364 316 415 tn
486 346 677 411 Tuscut.
700 344 1090 413 DISPUTA'I‘IONUM

277 506 393 614 primo
408 510 503 585 libro
519 510 652 584 multos
674 508 861 606 loquentes
877 507 986 585 facita
1013 508 1155 583 duobus
1170 496 1312 583 phele*⁸

201 676 208 687 .
278 628 410 687 cratem
423 611 602 707 quendam
616 606 824 681 Phthiotam
838 606 969 697 senem,
982 632 1090 705 quem
1106 606 1188 681 aita
1203 602 1314 693 Deu-

276 708 414 785 calione
439 726 569 797 ortum,
586 704 812 781 differentem
836 704 988 796 inducit,
1004 704 1111 779 Nihil
1136 707 1205 779 effe
1221 732 1308 781 um·

276 808 363 883 nino
379 807 550 895 animum,
564 822 601 879 et
617 804 686 878 hoc
703 805 773 879 effe
797 830 929 881 nomen
944 824 1062 879 totum
1078 806 1194 897 inane,
1211 806 1309 879 frus-

275 924 399 1005 traque
412 902 578 979 animalia
589 922 626 979 et
640 902 835 993 animantes
846 902 1035 1003 appellari;
1055 929 1171 1002 neque
1184 902 1220 977 in
1235 906 1308 979 ho-

275 1030 371 1079 mrne
395 1003 522 1078 ¹ineffe
545 1000 706 1077 animum
729 1006 789 1075 vel
811 1028 978 1089 ammam,
1005 1027 1071 1075 nec
1100 1002 1138 1075 in
1163 1002 1276 1077 bestia
1289 1033 1305 1089 ς

274 1104 422 1203 vimque
443 1126 589 1177 omnem
610 1128 700 1192 earn,
717 1127 790 1201 qua
811 1104 868 1175 rel
883 1127 1028 1212 agamus
1043 1102 1133 1199 quid
1149 1103 1208 1175 vel
1222 1097 1308 1175 seu·

272 1202 415 1293 tiamur,
434 1201 470 1277 in
484 1200 650 1276 omnibus
667 1200 876 1299 corporibus
890 1200 980 1275 vivis
991 1200 1216 1298 aequabiliter
1230 1200 1314 1275 etse

274 1300 400 1388 fusam,
419 1326 484 1375 nec
502 1298 731 1399 separabilem
745 1326 767 1373 a
785 1322 934 1399 corpore
950 1299 1043 1383 effe3
1070 1299 1205 1399 quippe
1219 1322 1305 1397 quae

273 1402 373 1474 nulla
396 1400 466 1473 fit:
493 1424 559 1473 nec
586 1398 631 1470 fit
660 1397 856 1496 quicquam
878 1398 945 1471 nisr
969 1421 1097 1496 corpus
1126 1420 1241 1473 unum
1265 1416 1310 1473 et

272 1496 436 1595 simplex,
454 1496 503 1572 ita
525 1498 719 1595 figuratum
743 1517 785 1569 ut
809 1497 1062 1595 temperatione
1086 1515 1222 1597 naturae
1244 1496 1305 1570 vi-

273 1616 355 1695 geat
371 1614 407 1670 et
425 1596 560 1670 sentiat.
610 1594 817 1669 Aristoteles
840 1597 948 1694 longe
970 1595 1138 1669 omnibus
1164 1596 1306 1692 (Plato-

273 1721 357 1769 nem
383 1696 518 1794 semper
539 1693 698 1792 excipio)
726 1695 893 1792 praestans
918 1713 955 1787 et
980 1694 1125 1793 ingenio
1150 1713 1188 1767 et
1216 1693 1307 1767 dili·

272 1792 405 1892 gentia,
422 1818 508 1867 cum
525 1808 679 1891 quatuor
694 1806 800 1867 ⁵nota
820 1792 881 1867 illa
898 1818 1028 1891 genera
1042 1792 1305 1892 principiorum

273 1893 360 1966 effet
376 1895 584 1991 complexus
602 1918 621 1964 e
638 1888 771 1989 quibua
794 1891 915 1966 omnia
935 1891 1123 1984 orirentur,
1138 1892 1306 1990 quintam

311 2192 321 2224 ¹
342 2182 418 2264 Ineffa
436 2186 549 2243 animum
568 2186 615 2243 vel
632 2187 758 2261 animam]
808 2184 957 2247 Fabricius
970 2188 1006 2245 ad
1026 2187 1102 2245 Sexti
1122 2188 1218 2265 Pyrrh.
1236 2187 1302 2265 Hy·

268 2254 314 2325 lta
327 2266 461 2343 loquitur,
474 2266 550 2342 quod
562 2266 646 2324 animo
658 2270 760 2325 aalma·
808 2278 869 2345 pot.
878 2266 928 2325 lib.
940 2267 970 2323 ii.
984 2286 1045 2343 cap.
1056 2287 1082 2325 r.
1095 2286 1145 2341 3¹⁴
1157 2267 1304 2344 explicant

269 2366 319 2425 que
337 2346 473 2423 mffcmrar,
493 2354 526 2403 ut
546 2346 586 2404 ait
607 2346 760 2406 Tertullia·
809 2348 883 2405 idem
902 2349 1001 2405 Sextus
1020 2348 1083 2407 adv.
1098 2348 1236 2405 Mathem.
1249 2348 1303 2408 lib.

269 2446 334 2495 nur,
356 2427 478 2503 Apolog.
502 2444 564 2503 cap.
589 2444 639 2499 31.
672 2429 758 2505 Jure-
807 2428 857 2486 vii.
877 2435 904 2503 t.
917 2444 987 2503 349.
1011 2439 1039 2485 et
1056 2428 1246 2485 Tertullianus
1266 2430 1306 2486 <le

269 2506 341 2563 nalis
361 2508 395 2564 de
414 2508 560 2564 brutorum
583 2517 612 2565 et
636 2508 758 2565 hominia
807 2508 979 2584 Animcap.
994 2508 1041 2585 ις.
1059 2527 1094 2565 ne
1106 2508 1302 2577 Plutarchum,

268 2585 433 2652 differentia,
447 2586 531 2643 satir.
547 2606 594 2643 ιν.
613 2588 679 2661 148.
809 2588 883 2646 Plac.
899 2587 971 2645 Phil.
985 2588 1023 2645 iv.
1039 2607 1067 2646 a.
1084 2598 1135 2646 aut
1146 2588 1303 2656 Stobaenm,

308 2663 498 2741 ——lnduffir
507 2666 641 2724 ommuni
648 2666 760 2727 conam
808 2664 906 2743 nerog.
920 2666 1001 2745 Phys.
1021 2684 1088 2746 pag,
1100 2686 1151 2745 93.
1168 2670 1211 2727 ed.
1226 2669 1302 2727 Aur.

349 2744 403 2802 illis
810 2747 871 2807 All.
882 2766 1046 2821 memorem,
1067 2748 1217 2807 secundum
1227 2769 1302 2826 quoa

172 2852 177 2863 ·
281 2824 436 2883 ‚Tantum
463 2824 582 2893 animas,
604 2826 675 2887 nobis
698 2830 761 2886 ani-
808 2829 938 2886 animum
958 2823 1303 2907 cipporloeretl'ewirm-

269 2924 429 3044 pampro?
442 2924 700 3047 unoraqe'cic-rio-nnulli
726 2982 761 3049 ri
809 2904 1049 3046 mihinam
1061 2909 1166 2972 stam
1185 2908 1264 2969 Vi&
1272 2921 1307 2971 et

266 3065 377 3144 maipa
395 3066 441 3123 seu
460 3061 506 3123 τὸν
518 3064 577 3127 γοῦν
596 3080 625 3125 et
642 3064 691 3145 τὴν
705 3067 761 3141 lo·
808 3007 829 3065 Ρ
849 3068 1305 3149 'Notar'llagenera-qaintam-

268 3140 326 3223 χὴν
345 3145 558 3221 distinguebant.
602 3148 674 3207 Vide
695 3150 760 3207 Por·
807 3162 929 3209 naturam
940 3149 1017 3227 ceasct
1033 3150 1090 3229 effe]
1119 3150 1192 3209 Nota
1199 3152 1303 3228 prena

266 3226 402 3302 phyrium
419 3226 507 3303 Epist.
526 3227 563 3285 ad
582 3228 759 3300 Anebonem,
800 3231 902 3308 piorum
917 3250 1015 3308 genera
1033 3230 1119 3308 vulgo
1137 3231 1303 3289 existimau-

267 3320 333 3383 pag.
351 3306 379 3364 8.
400 3304 540 3365 auttorem
562 3308 760 3368 celebriumde
806 3322 855 3369 tur
865 3310 926 3380 effe,
940 3311 1023 3388 ignia,
1035 3330 1120 3389 aqua,
1134 3314 1189 3380 aer,
1201 3323 1230 3369 et
1243 3322 1304 3369 ter·

268 3386 378 3444 Anima
398 3384 487 3465 Opia.
508 3406 593 3465 pagg.
606 3390 675 3463 630,
688 3389 759 3465 631.
807 3408 848 3450 ra.
881 3391 1005 3449 Primam
1019 3412 1083 3451 vero
1095 3410 1300 3468 vocemquam

259 3464 312 3523 ed.
336 3466 398 3525 Par.
434 3466 651 3538 Theodoretum,
677 3470 759 3532 Haer.
806 3480 909 3530 temere
930 3472 1151 3549 pretermittant
1178 3472 1302 3529 Lambi-

266 3543 338 3603 Fab.
347 3546 396 3605 lib.
407 3544 445 3605 ir.
460 3548 519 3605 c.8.
546 3548 758 3609 H.Hammon·
804 3570 859 3612 nus
882 3560 912 3609 et
929 3553 1137 3624 Gabbaram
1159 3551 1245 3610 MSS.
1268 3560 1302 3611 et

231 3635 234 3643 ·
265 3624 335 3683 dum
360 3626 391 3685 in
415 3644 438 3683 ι.
457 3624 579 3686 Thessal.
602 3648 632 3689 ιι.
653 3646 701 3704 23.
727 3642 758 3690 et
804 3633 941 3691 veteribus
974 3634 1056 3692 editis
1095 3628 1299 3692 rirooerirnna.

265 3704 755 3799 §purpvitringamobsermSacn
804 3712 887 3771 Porro
911 3714 946 3771 de
973 3714 1026 3773 luc
1050 3714 1207 3773 Aristotelis
1233 3713 1301 3790 opi·

265 3800 310 3843 nr.
325 3806 353 3859 4.
387 3786 469 3845 Lioet
487 3787 577 3863 igitur
593 3792 755 3850 ducatores
802 3794 886 3851 niune
917 3794 1011 3853 viden
1050 3795 1117 3854 licet
1148 3792 1300 3863 Notmm,

265 3864 381 3923 ultimas
417 3886 434 3924 a
472 3868 637 3944 quibusdam
675 3873 757 3934 codd.
804 3873 854 3931 lib.
875 3874 894 3933 i.
913 3875 1003 3933 Aead.
1023 3892 1048 3933 c.
1070 3888 1099 3953 7.
1137 3874 1301 3951 Diogenem

265 3944 353 4001 abelse
382 3946 504 4033 testetur*
519 3948 684 4020 Lambinus,
711 3972 757 4011 ω
805 3954 959 4024 Laertium,
991 3973 1019 4013 r.
1046 3972 1097 4028 32.
1128 3956 1173 4015 ed.
1201 3952 1298 4014 Arnst.

265 4029 361 4080 tamen
375 4027 530 4087 retinendas
542 4030 668 4089 arbitror.
700 4032 755 4091 Dt-
803 4033 957 4110 origenem
980 4034 1010 4092 in
1037 4036 1161 4106 Celsum,
1184 4034 1234 4091 lib.
1255 4034 1298 4097 ir.

265 4104 382 4161 eaaarchi
396 4124 459 4165 rem
478 4106 641 4171 sententiam
655 4125 757 4195 praeter
803 4134 834 4192 p.
855 4132 923 4175 ποι.
945 4114 989 4176 «l
1011 4114 1097 4178 Cant.
1114 4126 1150 4175 at
1170 4112 1244 4175 Phil.
1263 4132 1297 4194 p.

264 4198 321 4257 eor,
341 4203 411 4265 quor
430 4187 536 4251 indicat
555 4192 594 4255 V.
614 4194 650 4256 C.
670 4194 699 4273 J.
714 4198 757 4255 A.
806 4210 874 4271 139.
