2817 4859
412 345 575 408 arnan
602 315 859 410 ourunus.
1090 363 1151 432 ³5⁵

114 501 311 602 quae'rimua
332 503 523 604 optimum.
573 505 675 582 Quid
699 507 753 582 est
776 513 897 584 autem
921 505 959 581 in
985 507 1145 600 homine,

114 603 234 702 sagaci
263 629 304 678 ac
335 607 431 679 bona
455 624 574 680 mente
600 606 757 682 melius?
801 609 875 703 ejus
901 609 998 682 bono
1023 608 1147 684 fruen-

114 703 205 779 dum
230 704 282 776 est
305 702 474 802 igitur‚li
500 704 595 782 beati
620 707 691 780 effe
708 706 897 780 volumust
926 708 1063 790 bonum
1078 734 1144 784 au·

113 818 190 874 tem
205 802 336 876 mentis
352 805 404 876 est
419 803 555 879 uirtus:
582 831 668 904 ergo
684 806 751 878 hac
769 805 909 880 beatam
927 805 1038 880 vitam
1055 831 1145 881 con-

115 901 220 974 tineri
238 903 375 976 neceffe
400 905 465 978 est.
514 904 614 978 Hinc
640 905 772 990 omnia,
790 929 871 1004 quae
894 905 1057 1000 pulchra,
1075 907 1143 982 ho-

112 1001 226 1088 nesta,
339 1004 411 1077 lara
427 1003 509 1078 sunt
526 1003 700 1101 (utsupra
717 1002 794 1078 dixi
810 1036 821 1088 ς
842 1003 930 1078 8sed
948 1003 1143 1082 dicendum

112 1098 242 1173 idemi
270 1103 320 1175 ud
334 1103 444 1201 paulo
463 1103 606 1176 uberius
623 1103 780 1197 videtur)
799 1102 905 1200 plena
929 1103 1143 1201 gaudiorum

112 1199 222 1274 sunt:
250 1225 297 1273 ex
324 1200 504 1299 perpetuis
531 1219 652 1276 autem
680 1202 864 1300 plenisque
891 1201 1029 1299 gaudiis
1056 1227 1142 1280 curn

111 1298 344 1398 perspicuum
366 1301 412 1374 fit
434 1301 548 1376 vitam
572 1303 714 1374 beatam
737 1299 899 1390 existere,
917 1299 1075 1399 sequitur
1099 1321 1142 1378 ut

110 1423 155 1470 ea
171 1398 298 1472 existat
314 1425 361 1473 ex
376 1401 570 1474 honestate.

153 1497 306 1577 XXIV.
332 1502 404 1572 Sed
428 1525 474 1573 ne
490 1497 608 1574 verbis
623 1498 740 1574 solum
755 1498 972 1598 attingamus
988 1525 1040 1588 ea,
1058 1527 1140 1600 quae

109 1597 279 1672 volumus
310 1601 521 1686 ostendere3
563 1601 796 1696 proponenda
835 1602 1001 1696 quaedam
1042 1601 1142 1697 quast

109 1697 293 1769 moventia
316 1698 411 1790 sunt,
426 1723 507 1796 quae
533 1723 597 1772 nos
614 1697 726 1796 magia
747 1700 794 1772 ad
820 1697 1064 1796 cognitionem
1082 1699 1141 1774 in-

109 1796 419 1896 telligentiamque
444 1815 664 1871 convertant.
718 1799 884 1870 Sumatur
910 1795 1007 1870 enim
1033 1797 1138 1877 nobit

106 1896 257 1994 quidam
282 1899 450 1994 ptaestans
474 1897 530 1970 uir
553 1893 699 1996 optimis
724 1896 872 1979 artibus,
894 1893 992 1992 isque
1016 1895 1139 1975 animo

107 2017 300 2093 parumper
324 2014 360 2069 et
384 1995 601 2095 cogitatione
627 1995 796 2093 fingatur.
848 1993 1009 2070 Primum
1034 1993 1135 2093 inge·

109 2094 173 2166 nio
198 2093 334 2168 eximio
356 2095 414 2181 fit,
434 2096 572 2169 neeesse
597 2095 676 2180 est;
700 2093 810 2168 tardis
836 2094 933 2170 enim
958 2094 1138 2174 mentibus

105 2191 222 2266 virtus
238 2219 311 2266 non
328 2195 432 2268 facile
453 2194 666 2268 comitatur:
693 2193 823 2268 deinde
849 2197 894 2266 ad
922 2193 1138 2294 investigan-

107 2293 193 2365 dam
209 2293 394 2366 veritatem
419 2293 539 2367 studio
562 2292 732 2366 incitato:
759 2317 806 2366 ex
827 2291 1058 2391 quo‘triplex
1075 2295 1135 2368 ille

104 2390 218 2464 animi
233 2392 341 2466 soetus
352 2391 502 2478 existet3
521 2417 611 2466 unus
628 2392 665 2464 in
683 2391 889 2489 cognitione
908 2409 1022 2464 rerum
1040 2392 1135 2488 post-

106 2508 166 2564 tus
191 2511 228 2564 et
245 2489 281 2564 in
299 2489 539 2592 explicatione
557 2510 688 2574 naturae
704 2522 715 2576 ;
742 2492 830 2564 alter
846 2489 883 2562 in
900 2489 1137 2602 descriptione

101 2593 390 2687 expetendarum
423 2589 718 2688 fugiendarumve
752 2613 900 2676 rerum3
941 2605 1066 2665 tertius
1098 2589 1137 2662 in

100 2689 303 2787 judicando
318 2690 410 2788 quid
433 2690 565 2788 cuique
583 2689 632 2762 rei
656 2689 700 2761 fit
717 2688 949 2786 consequens,
966 2686 1054 2785 quid
1080 2713 1136 2762 re·

104 2813 298 2888 pugnans:
325 2788 364 2863 in
386 2815 460 2886 quo
480 2787 570 2862 inest
592 2787 710 2861 omnis
735 2811 821 2862 cum
837 2787 1010 2861 subtilitas
1027 2787 1134 2861 diffe-

104 2889 222 2977 rendi,
245 2909 323 2962 tum
347 2889 475 2962 veritas
492 2886 691 2984 judicandi.
744 2889 830 2962 Quo
856 2889 1000 2960 tandem
1025 2885 1138 2984 igitur

128 2985 240 3060 audio
256 2987 353 3061 affici
379 2987 517 3063 necesl'e
533 2987 586 3059 est
607 2985 772 3084 sapientis
788 2985 959 3073 animum,
978 3009 1063 3058 cum
1081 2983 1136 3060 his

101 3011 328 3162 latitantem
351 3082 695 3186 pernddtautemque
720 3085 845 3160 curis?
881 3087 1000 3164 hcum
1025 3083 1136 3163 totius

101 3349 187 3428 m]
209 3353 255 3410 Est
264 3373 282 3411 a
290 3353 509 3432 praettanttffimo
521 3355 596 3413 Ben-
641 3354 723 3412 mina
736 3351 783 3410 sua
795 3351 860 3410 dare
874 3349 998 3419 leffionl,
1013 3369 1078 3428 qua
1091 3349 1135 3410 sa·

99 3435 178 3492 tleio.
206 3435 430 3512 Vulgo,quaeris.
643 3453 680 3491 na
693 3432 803 3512 prorsus
815 3431 853 3488 est
866 3443 894 3488 et
906 3433 1016 3488 sincera.

129 3511 240 3577 used
264 3513 397 3572 άὶιιπᾰιιω
423 3513 487 3573 idem
513 3513 594 3589 illud]
682 3512 699 3551 l
724 3514 789 3571 Cum
811 3512 886 3570 odo
912 3510 1013 3569 mundi
1035 3505 1132 3586 matus]

101 3593 193 3652 Haud
206 3594 271 3652 sane
282 3596 374 3672 capio,
385 3596 452 3672 quid
467 3597 517 3652 nbi
527 3596 596 3653 velit
643 3594 749 3670 Vulgo,
759 3606 789 3650 ut
799 3611 855 3650 cuer
864 3592 951 3649 lodus.
973 3592 1026 3649 Sed
1037 3609 1133 3649 vocem

100 3677 196 3734 Andr.
209 3676 352 3742 Schottot,
363 3678 414 3752 qui
424 3677 532 3734 Nodor.
543 3675 595 3734 ci·
642 3674 752 3752 prorsus
772 3675 962 3749 importunam
979 3671 1044 3748 jure
1065 3669 1136 3729 rese·

99 3775 157 3814 cer.
169 3757 219 3814 lib.
230 3756 262 3814 ii.
273 3776 336 3832 cap.
347 3775 396 3813 ao.
409 3757 450 3813 ait
463 3755 489 3813 se
501 3776 536 3813 ex
546 3776 594 3812 ve·
641 3755 702 3813 cuit
715 3755 771 3816 ct„
781 3752 933 3820 Bentleius,
948 3771 1066 3827 eamque
1084 3769 1135 3808 ne·

100 3837 169 3894 teria
192 3836 336 3913 scripturae
358 3836 478 3914 vestigiis
501 3835 594 3894 reseri-
640 3833 692 3894 soit
705 3835 784 3893 Med.
819 3833 945 3892 Mundus
964 3841 1059 3892 aulem
1080 3831 1134 3890 hoe

101 3915 232 3994 berosus
239 3917 289 3976 illa
299 3915 443 3991 (dicmdum
452 3915 522 3974 illud
529 3917 595 3974 idm
641 3917 672 3974 in
684 3917 747 3974 looo
760 3914 860 3973 caelum
873 3916 1006 3972 denotat:
1029 3921 1133 3972 terram

97 3997 189 4076 paullo
199 3997 301 4056 uberim
310 3995 429 4069 videtur)
439 3996 595 4074 plenagau·
640 3996 717 4054 enirn
732 3997 881 4054 immotam
901 3995 968 4054 stare
985 3991 1135 4050 censebant

101 4075 282 4156 AEmmsuat.
313 4077 378 4135 Hoc
392 4078 594 4136 modocettunr
640 4076 768 4154 plerique
782 4085 917 4137 veterum.
942 4073 1082 4156 Virgilius
1100 4073 1133 4132 in

102 4158 151 4228 est,
163 4159 272 4218 codtoee
285 4158 390 4216 nostros
407 4168 524 4238 receptae
544 4178 596 4216 no·
641 4157 716 4226 Ciri,
728 4156 766 4214 vs.
782 4170 809 4233 7.
1047 4233 1107 4294 AI·

630 4257 649 4295 Α
664 4255 712 4295 22
894 4289 900 4302 ,
1086 4249 1139 4292 ms
