2817 4859
26 4220 27 4223 ,
120 4168 160 4207 Μ
174 4163 331 4229 eontrarium
351 4162 412 4233 esl'e,
432 4164 505 4221 clare
524 4180 590 4240 pro·
636 4160 720 4219 dicer.

407 418 563 481 LIBER
590 418 799 481 PRIMUS.
1083 437 1119 489 η

101 578 167 679 quis
180 576 277 653 enirn
297 579 352 651 est
367 596 440 653 tarn
459 604 596 668 excors,
613 604 722 675 quern
737 578 801 651 ista
818 580 1015 655 moveant?
1057 578 1119 655 M.

103 679 135 752 Si
146 704 223 776 ergo
245 681 346 776 apud
364 678 498 752 inferos
514 676 630 751 miseri
657 703 731 751 non
750 676 844 764 suut,
869 703 914 751 ne
931 680 1011 751 sunt
1035 678 1122 776 qui·

103 781 174 851 dem
192 780 285 876 apud
315 776 451 850 inferos
480 778 575 851 ulli·
609 778 655 851 A.
683 780 736 850 lta
762 777 904 874 prorsus
936 776 1117 853 existimo.

106 877 157 949 M.
172 876 238 950 Ubi
254 876 342 949 sunt
360 902 448 974 ergo
464 876 513 966 hi,
530 900 621 973 quos
633 875 776 950 miseros
789 874 906 953 dicis?
933 896 994 949 aut
1009 902 1120 974 quem

108 976 208 1049 lorum
230 974 429 1049 incolunt?
461 976 519 1048 ¹²s1
543 974 639 1047 enim
656 974 750 1063 sunt,
767 974 940 1073 nusquam
959 976 1028 1048 esse
1046 1000 1119 1049 non

144 1076 238 1149 slunt.
290 1076 341 1147 A.
359 1077 459 1171 'Ego
488 1098 573 1149 vero
609 1074 784 1173 nusquam
809 1074 880 1147 esse
910 1073 988 1147 illos
1017 1092 1119 1171 puto.

26 1248 28 1275 ‚
145 1173 279 1272 ‚Igitur
296 1198 345 1245 ne
370 1174 440 1249 effe
463 1172 620 1271 quidem.
671 1176 719 1245 A.
741 1172 884 1247 Prorsus
899 1172 967 1247 isto
984 1174 1118 1257 modos

26 1282 28 1365 ᾗ
105 1289 254 1345 ettamen
272 1272 436 1361 miseros,
459 1274 509 1345 ob
536 1270 573 1345 id
596 1270 713 1369 ipsum
735 1269 884 1369 quidem
903 1271 1008 1369 iquia
1027 1272 1120 1347 nulli

26 1460 28 1473 .
106 1370 172 1445 lint.
218 1372 274 1445 M.
289 1371 379 1459 Jam
404 1373 547 1445 mallem
576 1371 773 1445 Cerberum
797 1388 983 1454 metueres,
1010 1385 1137 1468 quam

26 1526 27 1559 .
108 1467 240 1543 istatam
264 1468 529 1544 inconfidentes
553 1468 706 1543 diceres.
742 1470 789 1543 A.
816 1468 917 1545 Quid
941 1471 1117 1544 tandem?

26 1560 27 1627 Ῑ
109 1566 156 1641 Μ.
172 1568 284 1643 Quem
306 1570 382 1643 effe
406 1594 526 1668 negas,
542 1571 695 1647 eundem
721 1568 791 1641 esse
813 1568 914 1642 dicis.
964 1567 1041 1641 Ubi
1067 1568 1121 1643 est

26 1682 27 1721 ἒ
109 1670 392 1743 acumen-tuum?
434 1666 628 1743 cumcuim
652 1666 820 1741 miserum
833 1668 904 1741 effe
920 1666 1022 1762 dicis,
1039 1685 1120 1745 tum

26 1780 27 1785 ’
111 1790 189 1856 eum,
204 1766 263 1864 qui
280 1767 429 1857 nonsit,
446 1766 536 1841 dicis
552 1768 633 1840 effe.
673 1768 720 1841 A.
737 1766 823 1839 Non
839 1764 981 1839 sumita
997 1766 1120 1853 hebes,

26 1940 27 1945 ,
111 1880 144 1935 ut
155 1864 240 1938 istud
251 1868 384 1941 dicam.
419 1867 478 1939 M.
497 1866 597 1939 Quid
614 1864 703 1938 dicis
718 1863 850 1963 igitur?
878 1867 925 1938 A.
943 1864 1120 1939 Miserum

26 1966 27 1969 ’
111 1964 180 2053 elle,
202 1966 297 2039 verbi
333 1964 448 2055 causa,
473 1964 532 2039 Μ.
557 1964 732 2052 Crassum,
762 1962 824 2061 qui
853 1963 930 2039 illas
960 1964 1120 2037 fortunas

110 2081 209 2136 morte
230 2062 422 2137 dimiserit:
449 2062 614 2137 miserum
630 2060 943 2160 cneompeium,
959 2062 1023 2161 qui
1039 2079 1121 2136 tan·

112 2174 143 2232 tu
162 2160 265 2259 gloria
284 2164 330 2237 fit
353 2164 524 2236 orbatus:
549 2186 672 2235 omnes
697 2160 853 2261 denique
877 2160 1033 2250 miseros,
1055 2163 1120 2261 qui

113 2257 171 2331 luc
186 2262 262 2334 luce
278 2282 427 2335 careant.
462 2260 520 2334 M.
533 2261 745 2335 Revolveris
760 2261 910 2345 eodem;
935 2260 1006 2334 fint
1022 2262 1121 2336 enim

116 2376 257 2452 oportet,
271 2363 294 2433 fi
311 2360 421 2433 miseri
439 2360 545 2433 sunt:
570 2376 614 2432 tu
629 2376 748 2431 sutem
764 2360 875 2431 modo
891 2361 1043 2453 negabas
1060 2384 1120 2433 eos

118 2454 194 2541 effe,
218 2458 274 2553 qui
298 2458 423 2533 mortui
450 2458 583 2536 essent:
604 2458 642 2545 ‚s1
669 2454 780 2555 igitur
804 2480 878 2526 non
908 2456 1001 2545 sunt,
1028 2453 1121 2531 nihil

116 2554 246 2649 possunt
261 2558 348 2631 effe:
375 2558 425 2631 ita
450 2582 493 2630 ne
517 2554 634 2629 miseri
657 2553 806 2653 quidem
823 2553 914 2627 sunt.
967 2556 1014 2628 A.
1032 2554 1121 2630 Non

115 2652 188 2724 dico
206 2654 339 2731 sortasse
362 2656 482 2741 etiarn,
498 2657 599 2752 quod
620 2652 756 2728 sentio:
784 2678 866 2725 nam
882 2652 972 2727 istuc
990 2652 1119 2752 ipsum,

116 2774 178 2823 non
201 2754 265 2827 esse
289 2780 373 2829 cum
398 2754 517 2843 fueris,
535 2752 769 2832 miserrimum
791 2771 890 2849 puto.
942 2753 1001 2825 M.
1020 2752 1121 2829 Quid
1219 2826 1224 2834 .

117 2846 266 2943 miserius,
291 2878 398 2951 quarn
422 2853 571 2926 omnino
598 2876 782 2949 nunquam
805 2848 939 2923 fuisse?
982 2853 1036 2923 lta
1056 2852 1120 2947 qui

117 2950 257 3024 nondum
273 2953 343 3025 nati
364 2954 455 3039 sunt,
482 2949 596 3025 miseri
616 2953 690 3047 jam
714 2946 896 3059 suntquis
921 2974 993 3020 non
1013 2948 1118 3021 sunt:

118 3040 165 3117 ¹et
181 3050 290 3139 nos,si
307 3054 387 3149 post
407 3070 558 3125 mortem
579 3047 695 3122 miseri
719 3048 831 3123 futun
855 3046 988 3139 sumus,
1006 3046 1122 3122 miseri

118 3140 244 3237 lirinus,
269 3169 458 3248 antequam
483 3148 568 3221 nati.
620 3148 701 3247 Ego
717 3164 847 3221 ¹autem
862 3149 945 3218 non¹
961 3172 1122 3221 comme·

118 3240 204 3327 mini,
230 3268 418 3347 antequam
447 3249 523 3321 snm
554 3265 668 3337 natus,
694 3272 752 3319 me
777 3236 957 3320 miserum.
1005 3244 1121 3319 Tufi
1213 3280 1217 3288 ·

118 3342 244 3515 meliore
267 3348 438 3422 memoria
462 3372 510 3439 es,
537 3346 647 3420 velim
672 3345 772 3437 scire,
788 3344 920 3441 ecquid
939 3346 985 3418 de
1008 3362 1043 3418 te
1067 3368 1122 3419 tes

119 3459 171 3511 ror
226 3470 253 3520 e.

155 3668 291 3739 hSierrim
304 3680 382 3757 sunt,
403 3678 523 3759 nusquam
541 3678 587 3757 effi
673 3675 779 3753 ¹Qia
800 3676 865 3735 mdsr
883 3678 955 3755 fiat]
985 3677 1031 3735 Sic
1051 3676 1126 3755 Reg-

26 3852 27 3857 κ
119 3757 588 3907 iiiiffiiiirfl'ffliiiiiiii
635 3758 1030 3914 ”iimsiiffifffflu
1051 3836 1125 3894 vn.

118 3860 381 3998 uiflinuionurigii,
389 3922 420 3999 st
441 3885 506 3979 cium
522 3918 588 3996 sunt
637 3929 715 3995 goet
733 3940 778 3978 nos
797 3855 900 3996 ipsriost
909 3918 960 3997 post
973 3920 1026 3975 lto.
1065 3918 1127 3975 Vo-

118 3992 252 4081 ’φινεμ
268 4002 453 4081 enonpoffime.
467 4001 519 4058 Sed
529 3998 588 4076 ejus
624 4018 706 4068 ¹cem,
721 4020 807 4077 quarn
826 3998 988 4064 delevimus,
1000 3995 1126 4057 nesciunt

147 4084 232 4153 terpus
261 4083 354 4140 'ouem
375 4083 461 4139 menti
477 4082 588 4139 Cicero-
637 4081 709 4155 Reg.
729 4080 807 4140 Mer.
826 4078 937 4141 Balliol.
957 4078 1060 4158 aliique
1078 4096 1126 4136 oo·

122 4229 332 4317 butsequenua.
356 4278 358 4287 =
