2817 4859
285 372 346 457 '2⁶4
494 380 1100 446 ruscuuursrurarronunr

286 543 446 618 codilum
478 541 641 616 violent:
681 567 836 642 quorum
868 541 975 616 etiam
1008 541 1036 616 st
1070 541 1318 640 imprudentes

278 645 470 743 quidpiam
500 643 663 732 fecerint,
692 668 838 742 poenam
868 643 1004 715 nullam
1031 644 1204 716 recusent.
1256 648 1317 720 De

285 745 490 818 horninibus
506 746 648 842 loquor.
700 741 798 814 Quid
817 739 969 814 bestiae?
997 767 1071 813 non
1097 740 1223 840 frigus,
1241 771 1316 820 non

283 843 428 934 famem,
446 869 518 917 non
534 841 759 938 montivagos
777 859 883 938 atque
900 839 1073 914 filvestres
1090 842 1223 928 cursus,
1241 845 1316 918 lus-

284 943 521 1040 trationesque
538 941 750 1039 patiuntur?
778 966 850 1012 non
867 964 932 1040 pro
950 939 1012 1014 suo
1029 956 1134 1038 partu
1154 941 1205 1014 ita
1228 968 1316 1040 pro·
1346 1023 1350 1032 ,

284 1061 458 1140 pugnant,
490 1059 531 1112 ut
565 1041 710 1112 vulnera
748 1036 952 1138 excipiant;
996 1039 1113 1112 nullos
1146 1040 1315 1138 impetus,

285 1143 401 1214 nullos
418 1141 511 1212 iftus
536 1138 795 1213 reformident?
848 1135 1003 1222 Omitto,
1028 1163 1109 1236 quae
1133 1141 1317 1238 perferant

283 1265 437 1338 quaeque
463 1237 641 1337 patiantur
673 1236 861 1326 ambitiofi‚
892 1237 1036 1310 honoris
1070 1235 1195 1312 causa:
1235 1242 1315 1314 lau-

282 1341 337 1412 dis
362 1337 520 1427 studim,
541 1335 688 1437 'gloriae
720 1335 851 1438 [gratia
866 1335 901 1506 :q
926 1362 1044 1410 amore
1072 1335 1219 1428 incensi,
1247 1364 1313 1412 cu-

281 1436 452 1538 piditatis.
516 1437 625 1510 Plena
658 1437 732 1510 rita
760 1461 888 1534 exemp
903 1461 1006 1509 orum
1039 1435 1113 1510 este
1158 1436 1217 1510 sed
1247 1441 1314 1510 ad-

282 1535 404 1610 hibeat
428 1535 540 1610 oratio
571 1535 744 1622 modum3
782 1552 818 1606 et
850 1536 970 1608 redeat
1001 1533 1088 1610 illuc
1116 1538 1213 1609 unde
1247 1539 1313 1610 de-

281 1636 397 1710 flexit.

332 1733 509 1810 XXVIII.
535 1730 661 1823 Dabit,
683 1729 795 1817 dabit,
819 1729 978 1829 inquam,
1004 1731 1037 1806 se
1067 1731 1103 1806 in
1133 1749 1313 1812 tormenta

281 1836 356 1908 rita
372 1836 475 1908 beata
490 1865 500 1920 ;
528 1857 594 1906 nec
614 1831 798 1930 justitiam,
815 1831 1097 1944 temperantiam,
1115 1831 1152 1904 in
1169 1834 1312 1930 primif-

281 1961 352 2046 que
383 1932 641 2018 fortitudinem,
669 1931 989 2030 mmagnitudinem
1019 1930 1142 2020 animi,
1170 1933 1312 2030 patien-

273 2031 368 2106 'tram
379 2031 589 2142 prosecuta,
613 2056 698 2102 cum
723 2029 864 2103 tortoris
894 2055 932 2102 os
955 2029 1096 2120 viderit,
1120 2031 1312 2118 confistet;

220 2174 226 2180 -
280 2130 542 2228 virtutibusque
568 2129 737 2202 omnibus
765 2129 836 2202 fine
865 2129 941 2201 ullo
966 2127 1076 2202 animi
1103 2147 1233 2230 terrore
1261 2135 1310 2204 ad

280 2230 478 2304 cruciatum
507 2226 688 2326 profectis,
716 2227 848 2300 resistet
879 2244 979 2299 extra
1012 2227 1104 2302 fores
1135 2237 1190 2324 (ut
1223 2248 1310 2303 ante

278 2329 373 2414 dixi)
404 2327 585 2424 limenque
619 2326 793 2400 carceris:
836 2323 924 2424 quid
958 2327 1053 2398 enim
1086 2352 1127 2400 ea
1161 2327 1310 2421 foedius,

279 2428 367 2526 quid
392 2428 587 2502 deformius
612 2427 684 2498 sola
710 2425 847 2513 relifta,
865 2421 1037 2498 comitatu
1062 2425 1310 2523 pulcherrimo

278 2529 483 2626 segregata?
519 2526 617 2623 quod
646 2543 763 2598 tamen
793 2523 871 2596 fieri
898 2524 998 2596 nullo
1025 2526 1134 2622 pasto
1163 2528 1308 2622 potest:

276 2651 343 2698 nec
360 2626 457 2699 enim
474 2625 620 2696 virtutes
642 2624 716 2694 stne
743 2625 845 2695 beata
861 2621 933 2696 vita
955 2624 1130 2696 cohaerere
1148 2625 1311 2720 possunt,

277 2749 343 2796 nec
375 2723 436 2796 iila
464 2724 537 2794 fine
563 2721 766 2794 virtutibus.
818 2721 942 2818 Itaque
971 2747 1050 2794 earn
1083 2723 1311 2820 tergiversari

275 2849 349 2896 non
375 2823 511 2906 fruente
539 2821 729 2917 secumque
749 2821 884 2918 rapient
899 2821 943 2892 ad
971 2845 1223 2918 quemcunque
1249 2822 1310 2922 ip-

275 2923 322 3000 sae
348 2923 509 2995 dolorem
533 2920 803 3018 cruciatumque
830 2921 1031 2996 ducentur:
1060 2920 1233 3020 Sapientis
1253 2925 1310 3001 est

273 3191 330 3250 qua
341 3169 472 3227 scribendi
483 3170 588 3226 ratione
597 3169 660 3228 vide
668 3169 762 3245 Marq.
808 3167 874 3246 cap.
890 3167 919 3229 6.

270 3252 401 3318 ‚Gudium
416 3252 450 3308 ad
464 3251 570 3310 Phaedri
585 3250 604 3309 i.
621 3269 636 3308 2
639 3264 668 3328 3.
689 3249 762 3308 Vol·
852 3259 873 3287 Μ
895 3250 1106 3328 Magnitudinem
1119 3251 1209 3322 animi,
1224 3257 1310 3333 pati.

273 3353 319 3417 go,
334 3329 490 3389 crocodilum.
810 3333 914 3388 entiam
932 3333 1077 3410 prestrata]
1106 3333 1209 3410 Vulgo,
1226 3340 1311 3414 pati·

313 3411 437 3470 ¹Gloriae
459 3407 563 3488 gratia]
587 3409 648 3470 Alii
667 3407 762 3486 glorie
809 3411 879 3468 cruia
894 3411 1033 3490 profanata.
1078 3413 1120 3471 At
1139 3433 1203 3471 vero
1223 3417 1311 3475 Geb-

271 3491 357 3570 cansa.
397 3491 558 3567 Utrumque
585 3489 757 3560 insiticium
809 3492 1237 3571 hardusexPall.suis(quibus
1254 3517 1309 3558 ac-

272 3575 347 3652 quod
368 3571 440 3630 reer
460 3580 627 3632 monuerunt
642 3571 759 3634 Ursinus
808 3572 881 3632 cedit
904 3573 1013 3656 Gryph.
1037 3577 1169 3656 probante
1193 3577 1305 3653 Bruto)

271 3666 300 3712 et
314 3653 479 3712 Gronovius.
501 3653 576 3710 Cum
588 3651 664 3708 enirn
680 3651 758 3728 priua
808 3654 971 3710 sententiam
984 3655 1126 3732 corrupit:
1148 3675 1206 3713 uon
1220 3659 1306 3718 enim

271 3734 368 3792 bmoris
380 3732 456 3810 adasa
468 3732 585 3802 dixerat,
600 3733 628 3788 in
643 3732 758 3810 reliquis
806 3733 840 3790 de
855 3733 994 3826 parientia,
1014 3735 1057 3793 sed
1075 3737 1109 3794 de
1130 3736 1187 3794 vita
1206 3739 1308 3808 beata,

270 3816 364 3871 eadem
380 3833 432 3870 vox
447 3811 641 3882 subaudiatu15
663 3821 696 3869 ut
712 3812 756 3870 vel
807 3814 971 3892 patientiam
993 3813 1164 3894 reliquasque
1177 3818 1306 3880 virtutes

265 3895 367 3972 gratia,
381 3896 423 3951 vel
443 3913 519 3950 carra
538 3892 647 3970 prorsus
664 3895 710 3950 hic
724 3894 757 3949 srt
805 3892 993 3970 prosequente,
1004 3895 1036 3954 fit
1048 3893 1144 3956 serino.
1165 3897 1229 3956 Nos
1243 3899 1307 3978 igi-

267 3975 478 4048 supervacanea.
521 3973 554 4031 Id
578 3984 611 4030 ut
635 3973 757 4032 ostende·
805 3984 852 4030 tur
865 3973 1010 4034 lefIionem
1025 3977 1196 4045 reduximus,
1209 3973 1304 4056 quain

270 4068 355 4119 retur,
380 4055 497 4110 uncinos
524 4053 549 4110 ei
574 4055 757 4112 circumdedi·
805 4053 932 4130 praestant
948 4055 1051 4117 Eliens.
1065 4056 1198 4120 secuak.
1214 4063 1305 4126 editi·

268 4151 342 4196 mtu.
377 4133 450 4196 Vide
469 4134 518 4192 lib.
540 4133 571 4195 ii.
591 4136 625 4198 de
647 4135 756 4201 invent.
806 4153 859 4212 que
874 4145 984 4202 veteres,
