2817 4859
453 1143 521 1207 ΑΙ)
546 1142 745 1209 LIBRUM
769 1141 1077 1208 SECUNDUM.

251 1393 356 1500 CAP.
374 1439 398 1501 l.
421 1441 520 1522 Neeff
531 1443 644 1523 quidem
657 1443 727 1504 tnihi
742 1445 786 1526 ff
804 1443 938 1519 arbitror]
966 1443 1034 1502 Duo
1053 1451 1160 1498 veteres
1180 1438 1289 1497 nostri:

250 1535 349 1616 hhooffl
362 1539 432 1596 mihi
448 1541 560 1616 quidem
575 1543 621 1622 effi
633 1541 752 1602 arbitror.

289 1633 360 1692 lbid.
384 1635 497 1710 Difficile
508 1637 543 1711 est
555 1638 620 1698 enin
633 1640 660 1698 t'rt
670 1639 826 1719 philosophia
842 1655 930 1718 pareto
944 1639 989 1719 ‘ff‘
1001 1640 1024 1696 ei
1036 1652 1107 1704 retu,
1121 1637 1166 1693 eui
1176 1636 1292 1711 rorstet

249 1729 435 1809 turpioraque,
449 1747 496 1792 aut
508 1735 616 1809 orinia]
639 1737 769 1816 languet
782 1737 845 1795 sane
859 1737 1014 1795 sententia:
1037 1738 1083 1793 cui
1106 1747 1139 1791 tu
1152 1734 1288 1811 opitulari

249 1829 357 1884 conaris
371 1847 404 1886 er
418 1823 559 1888 oodicibus
578 1833 628 1910 qui
644 1837 691 1906 (ut
703 1833 798 1903 eredo)
813 1851 910 1890 omnes
924 1831 1052 1908 rejiciunt
1066 1827 1100 1889 ri
1117 1849 1164 1889 ru.
1189 1830 1288 1906 Erige·

249 1931 297 1982 tur
309 1923 452 1994 sententia,
465 1927 484 1984 fi
498 1927 534 1986 fio
547 1928 642 2006 iegasr
664 1929 781 2004 Difficile
793 1931 827 2005 est
838 1931 904 1987 eninr
918 1933 944 1986 ir
958 1929 1114 2008 philosophia
1131 1929 1210 1987 VEL
1219 1939 1288 2007 pori

249 2041 281 2080 ca
293 2022 338 2100 esi
350 2023 373 2080 ei
386 2043 455 2092 roro,
468 2027 568 2084 coinon
577 2029 645 2104 fiet,
661 2043 709 2086 aut
720 2029 843 2108 pleraque
856 2043 902 2086 aret
915 2030 1009 2086 oraria.
1044 2027 1108 2085 Niu
1129 2026 1204 2083 sorte
1218 2025 1289 2083 illusi

249 2121 276 2176 ln
285 2119 450 2200 philosophia,
464 2133 496 2180 ut
510 2125 710 2202 interpolatum
723 2127 854 2203 dispungi
870 2129 971 2204 piacet.

289 2215 362 2274 ibid.
387 2217 441 2278 see
451 2221 479 2276 ire
490 2221 550 2280 uita
563 2235 648 2280 tamen
660 2223 808 2302 occupatu]
831 2225 861 2282 N
863 2223 925 2280 ostri
937 2241 1033 2280 ornnes
1048 2221 1131 2280 Mss.
1136 2220 1191 2298 sul
1202 2235 1289 2278 tameo

250 2311 350 2372 invita
363 2329 505 2394 occupata:
525 2327 558 2377 ut
572 2317 757 2378 visiosiones
773 2321 877 2398 priores
890 2321 1036 2378 dederunt.
1070 2335 1074 2342 ·

292 2411 362 2471 Ibid.
388 2413 489 2490 Quibus
502 2415 592 2494 aquroo
610 2437 643 2476 eo
657 2433 734 2496 porte
755 2417 880 2476 interdum
900 2433 948 2476 ouo
962 2417 1102 2497 eupiditate
1114 2434 1163 2476 auo
1175 2419 1291 2495 agrur-

250 2509 309 2568 dioo
329 2523 378 2569 eret
401 2524 469 2572 metu
494 2511 653 2591 libertorum]
678 2515 760 2574 MSS.
776 2517 860 2577 nostri
880 2535 988 2584 omnes,
1002 2515 1149 2584 liberentur,
1170 2517 1248 2594 quod
1269 2517 1289 2574 fi

250 2611 360 2688 recipis,
376 2625 436 2669 turn
452 2615 608 2672 addendum
630 2615 692 2683 erit,
711 2615 809 2692 Quibus
823 2617 912 2674 animi
924 2615 1015 2694 aliqua
1028 2633 1062 2672 ere
1072 2627 1152 2693 porte
1165 2619 1219 2673 hec.
1253 2617 1288 2672 In

250 2707 335 2766 MSS.
350 2711 430 2767 animi
444 2713 610 2788 compendio
624 2705 815 2773 scribitur'ai':
837 2727 869 2770 ut
882 2711 962 2769 sacile
976 2730 994 2768 a
1006 2727 1072 2768 rone
1085 2709 1212 2788 sequenti
1227 2709 1288 2788 pos-

251 2801 291 2862 set
303 2803 449 2866 absorberi.
485 2807 635 2866 Liberemur
649 2811 711 2868 ideo
731 2813 827 2869 minus
846 2812 946 2887 placet,
962 2811 1041 2886 quod
1052 2829 1085 2865 eo
1098 2819 1227 2887 ternpore
1240 2827 1289 2867 noc

251 2917 373 2982 occupata
386 2905 446 2964 vita
457 2903 587 2965 Ciceroni
601 2905 665 2965 esset
677 2927 729 2966 net:
742 2908 870 2965 militaris.

291 3001 366 3060 Ibid.
391 3005 519 3082 Quemque
522 3005 644 3082 sperandi
652 3006 717 3085 sbi,
733 3007 836 3065 eurem
853 3017 882 3063 et
898 3005 958 3064 hene
971 3002 1158 3075 dioenaifinerr
1167 3019 1290 3083 propone·

251 3097 331 3170 reno]
354 3097 437 3156 Nulli
458 3119 492 3157 er
513 3101 611 3159 nostffi
630 3103 784 3180 agnoscunt
803 3099 835 3161 ri
858 3123 916 3160 serr
938 3121 1030 3179 neque
1043 3100 1189 3159 sententia
1208 3101 1287 3177 quic·

121 3207 124 3215 “
253 3217 340 3276 quarn
354 3195 471 3258 confert.

292 3297 365 3356 lbid.
388 3297 495 3375 Magna
513 3295 606 3356 bebere
621 3297 693 3377 pofflt
712 3299 814 3357 auxiha
830 3297 981 3379 reliquorum
999 3295 1194 3377 philosophorum
1212 3292 1288 3371 disei-

248 3391 355 3472 plutio]
379 3395 425 3452 ste
444 3395 551 3453 codices
572 3396 704 3474 quideme
727 3396 773 3452 sed
793 3393 864 3452 duta
877 3408 905 3452 et
920 3397 1049 3454 huntus
1063 3393 1172 3471 phrasis
1185 3392 1240 3448 est:
1261 3398 1289 3446 et'

254 3489 357 3548 idcirco
376 3501 515 3568 reponunt
530 3493 582 3549 riri
595 3491 669 3550 dosii
683 3493 831 3550 Turnebus
850 3503 879 3549 et
894 3489 1050 3550 Lambinus
1070 3489 1175 3548 aue-ilia
1190 3491 1215 3546 Α
1229 3485 1289 3544 reli-

253 3607 381 3666 quorum:
401 3588 450 3646 alii
466 3589 665 3668 Erequreorum.
705 3591 764 3647 Vix
777 3589 885 3656 dubito,
900 3588 970 3664 quin
992 3585 1154 3645 abaufiore
1165 3587 1210 3654 sit,
1225 3602 1290 3642 ors·

255 3703 412 3745 ctrutttts.
454 3689 562 3747 Ceterae
582 3689 658 3746 enim
679 3691 794 3766 (praeter
807 3688 960 3765 scepticae)
987 3686 1218 3763 Pbiiosopborum
1236 3683 1291 3740 sec·

254 3791 302 3852 tre,
316 3803 381 3860 quoe
396 3783 430 3842 de
443 3783 573 3844 omnibus
593 3785 673 3841 rebus
686 3785 796 3843 decreta
813 3795 842 3842 et
855 3787 992 3860 dogmata
1004 3785 1162 3849 tradebant,
1183 3799 1241 3839 non
1254 3797 1289 3837 ex

254 3891 334 3956 parte
347 3879 442 3957 aliqua
456 3879 500 3937 sed
513 3899 546 3938 ex
568 3889 628 3938 toto
644 3881 872 3939 contradicebant
887 3880 1075 3947 Academicis,
1089 3879 1141 3956 qui
1153 3879 1297 3936 docebant·

255 3978 327 4036 nihil
342 3979 371 4037 in
386 3999 414 4037 re
430 3997 608 4056 quacumque
620 3981 728 4057 percipi
743 3981 862 4038 omnino
874 3980 958 4058 posse.

294 4075 366 4152 Cap.
382 4077 412 4134 ii.
433 4076 591 4156 Philosophia
613 4077 705 4153 [ergo]
728 4077 878 4154 noseorum]
902 4079 946 4136 Ex
965 4076 1107 4135 codicibus
1126 4071 1286 4133 'recentiori-

253 4175 306 4231 bus
325 4175 372 4232 alii
395 4192 476 4234 suun
497 4173 677 4254 interpolant,
690 4175 739 4233 aiii
756 4195 885 4236 rursu:
906 4175 953 4236 sed
967 4175 1109 4237 veterrimi
1120 4175 1208 4234 nostri
1220 4193 1285 4232 cunr
