<?xml version="1.0" encoding="UTF-8"?>
<!DOCTYPE html PUBLIC "-//W3C//DTD XHTML 1.0 Transitional//EN"
    "http://www.w3.org/TR/xhtml1/DTD/xhtml1-transitional.dtd">
<html xmlns="http://www.w3.org/1999/xhtml" xml:lang="en" lang="en">
 <head>
  <title>
</title>
<meta http-equiv="Content-Type" content="text/html;charset=utf-8" />
  <meta name='ocr-system' content='tesseract 3.04.00' />
  <meta name='ocr-capabilities' content='ocr_page ocr_carea ocr_par ocr_line ocrx_word'/>
</head>
<body>
  <div class='ocr_page' id='page_1' title='image "./mtulliiciceroni00bentgoog_0213.png"; bbox 0 0 2817 4859; ppageno 0'>
   <div class='ocr_carea' id='block_1_1' title="bbox 340 354 1133 435">
    <p class='ocr_par' dir='ltr' id='par_1_1' title="bbox 340 354 1133 435">
     <span class='ocr_line' id='line_1_1' title="bbox 340 354 1133 435; baseline 0.006 -20"><span class='ocrx_word' id='word_1_1' title='bbox 340 354 840 417; x_wconf 77' lang='lat' dir='ltr'><strong>·.LIBBRTERTIUS.</strong></span> <span class='ocrx_word' id='word_1_2' title='bbox 936 389 941 399; x_wconf 94' lang='lat'>·</span> <span class='ocrx_word' id='word_1_3' title='bbox 1048 378 1133 435; x_wconf 60' lang='grc' dir='ltr'>Διιι</span> 
     </span>
    </p>
   </div>
   <div class='ocr_carea' id='block_1_2' title="bbox 105 510 1132 1216">
    <p class='ocr_par' dir='ltr' id='par_1_2' title="bbox 105 510 1132 1203">
     <span class='ocr_line' id='line_1_2' title="bbox 105 510 1131 623; baseline 0.006 -39"><span class='ocrx_word' id='word_1_4' title='bbox 105 510 289 623; x_wconf 73' lang='lat' dir='ltr'>cogitatio</span> <span class='ocrx_word' id='word_1_5' title='bbox 300 514 432 587; x_wconf 84' lang='lat' dir='ltr'>callum</span> <span class='ocrx_word' id='word_1_6' title='bbox 448 514 626 590; x_wconf 83' lang='lat' dir='ltr'>vetustatis</span> <span class='ocrx_word' id='word_1_7' title='bbox 639 516 851 589; x_wconf 85' lang='lat' dir='ltr'>obduxerat.</span> <span class='ocrx_word' id='word_1_8' title='bbox 900 514 1069 614; x_wconf 83' lang='lat' dir='ltr'>Legimus</span> <span class='ocrx_word' id='word_1_9' title='bbox 1085 517 1131 591; x_wconf 91' lang='lat' dir='ltr'>li-</span> 
     </span>
     <span class='ocr_line' id='line_1_3' title="bbox 105 610 1130 723; baseline 0.008 -42"><span class='ocrx_word' id='word_1_10' title='bbox 105 612 216 690; x_wconf 83' lang='lat' dir='ltr'>brum</span> <span class='ocrx_word' id='word_1_11' title='bbox 235 610 473 697; x_wconf 90' lang='lat' dir='ltr'>Clitomacbi;</span> <span class='ocrx_word' id='word_1_12' title='bbox 499 638 607 709; x_wconf 86' lang='lat' dir='ltr'>quem</span> <span class='ocrx_word' id='word_1_13' title='bbox 621 613 683 685; x_wconf 90' lang='lat' dir='ltr'>ille</span> <span class='ocrx_word' id='word_1_14' title='bbox 699 614 824 687; x_wconf 89' lang='lat' dir='ltr'>eversa</span> <span class='ocrx_word' id='word_1_15' title='bbox 816 614 1044 723; x_wconf 83' lang='lat' dir='ltr'>Carthagine</span> <span class='ocrx_word' id='word_1_16' title='bbox 1062 616 1130 691; x_wconf 91' lang='lat' dir='ltr'>mi</span> 
     </span>
     <span class='ocr_line' id='line_1_4' title="bbox 105 701 1130 807; baseline 0.002 -20"><span class='ocrx_word' id='word_1_17' title='bbox 105 709 155 787; x_wconf 83' lang='lat' dir='ltr'>fit</span> <span class='ocrx_word' id='word_1_18' title='bbox 181 701 388 785; x_wconf 85' lang='lat' dir='ltr'>consolandi</span> <span class='ocrx_word' id='word_1_19' title='bbox 413 712 533 785; x_wconf 88' lang='lat' dir='ltr'>causa</span> <span class='ocrx_word' id='word_1_20' title='bbox 539 713 584 784; x_wconf 89' lang='lat' dir='ltr'>ad</span> <span class='ocrx_word' id='word_1_21' title='bbox 608 710 768 807; x_wconf 88' lang='lat' dir='ltr'>captivos</span> <span class='ocrx_word' id='word_1_22' title='bbox 793 710 887 785; x_wconf 88' lang='lat' dir='ltr'>cives</span> <span class='ocrx_word' id='word_1_23' title='bbox 905 714 1004 787; x_wconf 89' lang='lat' dir='ltr'>suos:</span> <span class='ocrx_word' id='word_1_24' title='bbox 1032 741 1070 787; x_wconf 90' lang='lat' dir='ltr'>rn</span> <span class='ocrx_word' id='word_1_25' title='bbox 1087 740 1130 789; x_wconf 91' lang='lat' dir='ltr'>eo</span> 
     </span>
     <span class='ocr_line' id='line_1_5' title="bbox 105 809 1130 907; baseline 0.002 -22"><span class='ocrx_word' id='word_1_26' title='bbox 105 809 163 885; x_wconf 82' lang='lat' dir='ltr'>est</span> <span class='ocrx_word' id='word_1_27' title='bbox 188 809 381 905; x_wconf 88' lang='lat' dir='ltr'>disputatio</span> <span class='ocrx_word' id='word_1_28' title='bbox 414 810 541 907; x_wconf 86' lang='lat' dir='ltr'>scripta</span> <span class='ocrx_word' id='word_1_29' title='bbox 575 810 774 895; x_wconf 86' lang='lat' dir='ltr'>Carneadis,</span> <span class='ocrx_word' id='word_1_30' title='bbox 806 836 914 905; x_wconf 86' lang='lat' dir='ltr'>quam</span> <span class='ocrx_word' id='word_1_31' title='bbox 946 814 980 889; x_wconf 84' lang='lat' dir='ltr'>se</span> <span class='ocrx_word' id='word_1_32' title='bbox 1012 812 1060 887; x_wconf 86' lang='lat' dir='ltr'>ait</span> <span class='ocrx_word' id='word_1_33' title='bbox 1092 814 1130 887; x_wconf 90' lang='lat' dir='ltr'>in</span> 
     </span>
     <span class='ocr_line' id='line_1_6' title="bbox 106 906 1131 1006; baseline 0.003 -24"><span class='ocrx_word' id='word_1_34' title='bbox 106 907 427 993; x_wconf 86' lang='lat' dir='ltr'>commentarium</span> <span class='ocrx_word' id='word_1_35' title='bbox 436 909 601 983; x_wconf 82' lang='lat' dir='ltr'>retuliffe</span> <span class='ocrx_word' id='word_1_36' title='bbox 653 906 779 981; x_wconf 90' lang='lat' dir='ltr'>Cum</span> <span class='ocrx_word' id='word_1_37' title='bbox 771 924 820 981; x_wconf 79' lang='lat' dir='ltr'>tta</span> <span class='ocrx_word' id='word_1_38' title='bbox 852 912 921 1006; x_wconf 90' lang='lat' dir='ltr'>pos</span> <span class='ocrx_word' id='word_1_39' title='bbox 926 928 1003 983; x_wconf 92' lang='lat' dir='ltr'>tum</span> <span class='ocrx_word' id='word_1_40' title='bbox 1032 912 1131 999; x_wconf 83' lang='lat' dir='ltr'>effet,</span> 
     </span>
     <span class='ocr_line' id='line_1_7' title="bbox 105 1004 1128 1179; baseline 0.003 -101"><span class='ocrx_word' id='word_1_41' title='bbox 105 1004 233 1079; x_wconf 87' lang='lat' dir='ltr'>Videri</span> <span class='ocrx_word' id='word_1_42' title='bbox 258 1006 367 1077; x_wconf 86' lang='lat' dir='ltr'>fore</span> <span class='ocrx_word' id='word_1_43' title='bbox 359 1034 396 1082; x_wconf 87' lang='grc' dir='ltr'>ιιι</span> <span class='ocrx_word' id='word_1_44' title='bbox 416 1005 628 1116; x_wconf 75' lang='lat' dir='ltr'>aegritudine</span> <span class='ocrx_word' id='word_1_45' title='bbox 646 1006 859 1118; x_wconf 80' lang='lat' dir='ltr'>Sapientem,</span> <span class='ocrx_word' id='word_1_46' title='bbox 870 1007 988 1179; x_wconf 81' lang='lat' dir='ltr'>patria</span> <span class='ocrx_word' id='word_1_47' title='bbox 1003 1024 1128 1105; x_wconf 86' lang='lat' dir='ltr'>capta.</span> 
     </span>
     <span class='ocr_line' id='line_1_8' title="bbox 106 1104 1132 1216; baseline 0.006 -41"><span class='ocrx_word' id='word_1_48' title='bbox 106 1129 192 1215; x_wconf 80' lang='lat' dir='ltr'>quae</span> <span class='ocrx_word' id='word_1_49' title='bbox 210 1105 408 1180; x_wconf 89' lang='lat' dir='ltr'>Carneades</span> <span class='ocrx_word' id='word_1_50' title='bbox 428 1104 708 1195; x_wconf 76' lang='lat' dir='ltr'>contradixerit,</span> <span class='ocrx_word' id='word_1_51' title='bbox 726 1106 853 1216; x_wconf 82' lang='lat' dir='ltr'>scripta</span> <span class='ocrx_word' id='word_1_52' title='bbox 886 1126 949 1177; x_wconf 92' lang='lat' dir='ltr'>unt</span> <span class='ocrx_word' id='word_1_53' title='bbox 1014 1108 1132 1181; x_wconf 88' lang='lat' dir='ltr'>Tanta</span> 
     </span>
    </p>
   </div>
   <div class='ocr_carea' id='block_1_3' title="bbox 105 1162 1135 1473">
    <p class='ocr_par' dir='ltr' id='par_1_3' title="bbox 105 1162 1135 1471">
     <span class='ocr_line' id='line_1_9' title="bbox 105 1162 1135 1317; baseline 0.007 -44"><span class='ocrx_word' id='word_1_54' title='bbox 105 1200 221 1299; x_wconf 87' lang='lat' dir='ltr'>igitur</span> <span class='ocrx_word' id='word_1_55' title='bbox 237 1205 445 1278; x_wconf 85' lang='lat' dir='ltr'>calamitatis</span> <span class='ocrx_word' id='word_1_56' title='bbox 460 1203 638 1315; x_wconf 83' lang='lat' dir='ltr'>praesentis</span> <span class='ocrx_word' id='word_1_57' title='bbox 659 1162 847 1279; x_wconf 85' lang='lat' dir='ltr'>adhibetur</span> <span class='ocrx_word' id='word_1_58' title='bbox 872 1230 893 1277; x_wconf 91' lang='lat' dir='ltr'>a</span> <span class='ocrx_word' id='word_1_59' title='bbox 916 1204 1135 1317; x_wconf 88' lang='lat' dir='ltr'>philosopho</span> 
     </span>
     <span class='ocr_line' id='line_1_10' title="bbox 106 1301 1135 1473; baseline 0.003 -99"><span class='ocrx_word' id='word_1_60' title='bbox 106 1301 304 1387; x_wconf 84' lang='lat' dir='ltr'>medicina,</span> <span class='ocrx_word' id='word_1_61' title='bbox 321 1316 336 1362; x_wconf 81' lang='lat'>‘1</span> <span class='ocrx_word' id='word_1_62' title='bbox 292 1323 480 1473; x_wconf 55' lang='lat' dir='ltr'>,guenta</span> <span class='ocrx_word' id='word_1_63' title='bbox 495 1330 533 1375; x_wconf 90' lang='grc' dir='ltr'>ιιι</span> <span class='ocrx_word' id='word_1_64' title='bbox 550 1321 739 1381; x_wconf 67' lang='grc' dir='ltr'>ιιιιειειιιι</span> <span class='ocrx_word' id='word_1_65' title='bbox 756 1328 799 1374; x_wconf 88' lang='lat' dir='ltr'>ne</span> <span class='ocrx_word' id='word_1_66' title='bbox 820 1303 1032 1379; x_wconf 83' lang='lat' dir='ltr'>defideratur</span> <span class='ocrx_word' id='word_1_67' title='bbox 1049 1332 1135 1403; x_wconf 41' lang='lat' dir='ltr'>qur*</span> 
     </span>
    </p>
   </div>
   <div class='ocr_carea' id='block_1_4' title="bbox 106 1398 1204 2503">
    <p class='ocr_par' dir='ltr' id='par_1_4' title="bbox 106 1398 1204 1991">
     <span class='ocr_line' id='line_1_11' title="bbox 109 1398 1204 1515; baseline 0.006 -44"><span class='ocrx_word' id='word_1_68' title='bbox 109 1402 218 1476; x_wconf 83' lang='lat' dir='ltr'>dem:</span> <span class='ocrx_word' id='word_1_69' title='bbox 246 1425 371 1488; x_wconf 87' lang='lat' dir='ltr'>nec‚r</span> <span class='ocrx_word' id='word_1_70' title='bbox 388 1402 523 1499; x_wconf 86' lang='lat' dir='ltr'>aliquot</span> <span class='ocrx_word' id='word_1_71' title='bbox 538 1402 636 1473; x_wconf 80' lang='lat' dir='ltr'>annis</span> <span class='ocrx_word' id='word_1_72' title='bbox 653 1402 733 1497; x_wconf 92' lang='lat' dir='ltr'>post</span> <span class='ocrx_word' id='word_1_73' title='bbox 752 1398 846 1476; x_wconf 90' lang='lat' dir='ltr'>idem</span> <span class='ocrx_word' id='word_1_74' title='bbox 865 1402 923 1475; x_wconf 91' lang='lat' dir='ltr'>ille</span> <span class='ocrx_word' id='word_1_75' title='bbox 941 1404 1029 1477; x_wconf 90' lang='lat' dir='ltr'>liber</span> <span class='ocrx_word' id='word_1_76' title='bbox 1046 1429 1130 1515; x_wconf 86' lang='lat' dir='ltr'>cap·</span> <span class='ocrx_word' id='word_1_77' title='bbox 1199 1437 1204 1445; x_wconf 62' lang='lat'><strong><em>¹</em></strong></span> 
     </span>
     <span class='ocr_line' id='line_1_12' title="bbox 107 1496 1129 1599; baseline 0.004 -28"><span class='ocrx_word' id='word_1_78' title='bbox 107 1496 192 1571; x_wconf 87' lang='lat' dir='ltr'>tivis</span> <span class='ocrx_word' id='word_1_79' title='bbox 209 1498 333 1573; x_wconf 83' lang='lat' dir='ltr'>miffus</span> <span class='ocrx_word' id='word_1_80' title='bbox 350 1501 447 1583; x_wconf 84' lang='lat' dir='ltr'>effet,</span> <span class='ocrx_word' id='word_1_81' title='bbox 465 1498 669 1589; x_wconf 78' lang='lat' dir='ltr'>vulneribus</span> <span class='ocrx_word' id='word_1_82' title='bbox 685 1500 896 1599; x_wconf 86' lang='lat' dir='ltr'>mederetur,</span> <span class='ocrx_word' id='word_1_83' title='bbox 914 1502 1019 1581; x_wconf 87' lang='lat' dir='ltr'>sed</span> <span class='ocrx_word' id='word_1_84' title='bbox 989 1502 1129 1577; x_wconf 86' lang='lat' dir='ltr'>creatri-</span> 
     </span>
     <span class='ocr_line' id='line_1_13' title="bbox 106 1590 1130 1713; baseline 0.008 -44"><span class='ocrx_word' id='word_1_85' title='bbox 106 1596 226 1671; x_wconf 80' lang='lat' dir='ltr'>eibus.</span> <span class='ocrx_word' id='word_1_86' title='bbox 278 1598 413 1671; x_wconf 86' lang='lat' dir='ltr'>Senlim</span> <span class='ocrx_word' id='word_1_87' title='bbox 430 1599 526 1671; x_wconf 91' lang='lat' dir='ltr'>enim</span> <span class='ocrx_word' id='word_1_88' title='bbox 542 1617 578 1671; x_wconf 91' lang='lat' dir='ltr'>et</span> <span class='ocrx_word' id='word_1_89' title='bbox 593 1598 769 1699; x_wconf 86' lang='lat' dir='ltr'>pedetent</span> <span class='ocrx_word' id='word_1_90' title='bbox 761 1624 810 1671; x_wconf 89' lang='lat' dir='ltr'>rm</span> <span class='ocrx_word' id='word_1_91' title='bbox 819 1590 1050 1713; x_wconf 85' lang='lat' dir='ltr'>progrediens</span> <span class='ocrx_word' id='word_1_92' title='bbox 1066 1626 1130 1677; x_wconf 88' lang='lat' dir='ltr'>ex-</span> 
     </span>
     <span class='ocr_line' id='line_1_14' title="bbox 107 1692 1131 1807; baseline 0.007 -41"><span class='ocrx_word' id='word_1_93' title='bbox 107 1711 277 1769; x_wconf 88' lang='lat' dir='ltr'>tenuatur</span> <span class='ocrx_word' id='word_1_94' title='bbox 301 1698 428 1769; x_wconf 83' lang='lat' dir='ltr'>dolor:</span> <span class='ocrx_word' id='word_1_95' title='bbox 454 1723 536 1770; x_wconf 92' lang='lat' dir='ltr'>non</span> <span class='ocrx_word' id='word_1_96' title='bbox 551 1721 624 1793; x_wconf 92' lang='lat' dir='ltr'>quo</span> <span class='ocrx_word' id='word_1_97' title='bbox 649 1692 729 1807; x_wconf 84' lang='lat' dir='ltr'>ipsa</span> <span class='ocrx_word' id='word_1_98' title='bbox 746 1722 797 1769; x_wconf 89' lang='lat' dir='ltr'>tes</span> <span class='ocrx_word' id='word_1_99' title='bbox 817 1700 994 1771; x_wconf 76' lang='lat' dir='ltr'>immutari</span> <span class='ocrx_word' id='word_1_100' title='bbox 1011 1699 1131 1790; x_wconf 87' lang='lat' dir='ltr'>soleat,</span> 
     </span>
     <span class='ocr_line' id='line_1_15' title="bbox 107 1794 1133 1907; baseline 0.004 -40"><span class='ocrx_word' id='word_1_101' title='bbox 107 1812 169 1867; x_wconf 89' lang='lat' dir='ltr'>aut</span> <span class='ocrx_word' id='word_1_102' title='bbox 188 1796 311 1892; x_wconf 83' lang='lat' dir='ltr'>pollit,</span> <span class='ocrx_word' id='word_1_103' title='bbox 327 1794 386 1869; x_wconf 83' lang='lat' dir='ltr'>sed</span> <span class='ocrx_word' id='word_1_104' title='bbox 410 1794 461 1879; x_wconf 89' lang='lat' dir='ltr'>id,</span> <span class='ocrx_word' id='word_1_105' title='bbox 480 1796 683 1893; x_wconf 81' lang='lat' dir='ltr'>quadratio</span> <span class='ocrx_word' id='word_1_106' title='bbox 700 1796 882 1907; x_wconf 86' lang='lat' dir='ltr'>debuerat,</span> <span class='ocrx_word' id='word_1_107' title='bbox 901 1798 981 1869; x_wconf 88' lang='lat' dir='ltr'>usus</span> <span class='ocrx_word' id='word_1_108' title='bbox 998 1800 1128 1873; x_wconf 88' lang='lat' dir='ltr'>docet·</span> <span class='ocrx_word' id='word_1_109' title='bbox 1118 1850 1133 1884; x_wconf 83' lang='lat'>,</span> 
     </span>
     <span class='ocr_line' id='line_1_16' title="bbox 109 1893 851 2003; baseline 0.004 -35"><span class='ocrx_word' id='word_1_110' title='bbox 109 1893 251 1968; x_wconf 85' lang='lat' dir='ltr'>minora</span> <span class='ocrx_word' id='word_1_111' title='bbox 267 1894 337 1967; x_wconf 80' lang='lat' dir='ltr'>elle</span> <span class='ocrx_word' id='word_1_112' title='bbox 354 1920 408 1981; x_wconf 85' lang='lat' dir='ltr'>ea,</span> <span class='ocrx_word' id='word_1_113' title='bbox 425 1920 506 1991; x_wconf 84' lang='lat' dir='ltr'>quae</span> <span class='ocrx_word' id='word_1_114' title='bbox 522 1894 591 1973; x_wconf 90' lang='lat' dir='ltr'>smt</span> <span class='ocrx_word' id='word_1_115' title='bbox 607 1894 681 1965; x_wconf 87' lang='lat' dir='ltr'>visa</span> <span class='ocrx_word' id='word_1_116' title='bbox 696 1896 851 2003; x_wconf 78' lang='lat' dir='ltr'>majora.</span> 
     </span>
    </p>

    <p class='ocr_par' dir='ltr' id='par_1_5' title="bbox 107 1990 1133 2487">
     <span class='ocr_line' id='line_1_17' title="bbox 155 1990 1133 2091; baseline 0.004 -28"><span class='ocrx_word' id='word_1_117' title='bbox 155 1992 308 2066; x_wconf 88' lang='lat' dir='ltr'>XXIII.</span> <span class='ocrx_word' id='word_1_118' title='bbox 335 1990 434 2065; x_wconf 78' lang='lat' dir='ltr'>Quid</span> <span class='ocrx_word' id='word_1_119' title='bbox 463 2018 547 2091; x_wconf 86' lang='lat' dir='ltr'>ergo</span> <span class='ocrx_word' id='word_1_120' title='bbox 576 2016 664 2089; x_wconf 85' lang='lat' dir='ltr'>opus</span> <span class='ocrx_word' id='word_1_121' title='bbox 696 1992 759 2077; x_wconf 88' lang='lat' dir='ltr'>est,</span> <span class='ocrx_word' id='word_1_122' title='bbox 789 1990 884 2065; x_wconf 84' lang='lat' dir='ltr'>dicet</span> <span class='ocrx_word' id='word_1_123' title='bbox 910 1992 1133 2090; x_wconf 66' lang='grc' dir='ltr'>ιῙιιιιιὶι,ιι-ι</span> 
     </span>
     <span class='ocr_line' id='line_1_18' title="bbox 107 2084 1132 2202; baseline 0.005 -41"><span class='ocrx_word' id='word_1_124' title='bbox 107 2088 207 2202; x_wconf 83' lang='lat' dir='ltr'>tione</span> <span class='ocrx_word' id='word_1_125' title='bbox 234 2109 298 2167; x_wconf 86' lang='lat' dir='ltr'>aut</span> <span class='ocrx_word' id='word_1_126' title='bbox 327 2092 472 2165; x_wconf 90' lang='lat' dir='ltr'>omnino</span> <span class='ocrx_word' id='word_1_127' title='bbox 500 2091 737 2163; x_wconf 87' lang='lat' dir='ltr'>consolatione</span> <span class='ocrx_word' id='word_1_128' title='bbox 767 2084 852 2176; x_wconf 86' lang='lat' dir='ltr'>ulla,</span> <span class='ocrx_word' id='word_1_129' title='bbox 883 2115 953 2187; x_wconf 92' lang='lat' dir='ltr'>qua</span> <span class='ocrx_word' id='word_1_130' title='bbox 981 2092 1132 2166; x_wconf 84' lang='lat' dir='ltr'>solemus</span> 
     </span>
     <span class='ocr_line' id='line_1_19' title="bbox 109 2188 1129 2275; baseline 0.006 -16"><span class='ocrx_word' id='word_1_131' title='bbox 109 2188 176 2275; x_wconf 88' lang='lat' dir='ltr'>uti,</span> <span class='ocrx_word' id='word_1_132' title='bbox 211 2214 298 2261; x_wconf 90' lang='lat' dir='ltr'>cum</span> <span class='ocrx_word' id='word_1_133' title='bbox 329 2191 445 2263; x_wconf 87' lang='lat' dir='ltr'>levare</span> <span class='ocrx_word' id='word_1_134' title='bbox 479 2191 634 2271; x_wconf 89' lang='lat' dir='ltr'>dolorem</span> <span class='ocrx_word' id='word_1_135' title='bbox 676 2188 905 2265; x_wconf 88' lang='lat' dir='ltr'>moerentium</span> <span class='ocrx_word' id='word_1_136' title='bbox 938 2192 1129 2271; x_wconf 79' lang='lat' dir='ltr'>volumusl</span> 
     </span>
     <span class='ocr_line' id='line_1_20' title="bbox 108 2286 1132 2396; baseline 0.003 -38"><span class='ocrx_word' id='word_1_137' title='bbox 108 2288 221 2359; x_wconf 81' lang='lat' dir='ltr'>¹Hoc</span> <span class='ocrx_word' id='word_1_138' title='bbox 253 2289 347 2360; x_wconf 92' lang='lat' dir='ltr'>enim</span> <span class='ocrx_word' id='word_1_139' title='bbox 375 2290 446 2361; x_wconf 81' lang='lat' dir='ltr'>sere</span> <span class='ocrx_word' id='word_1_140' title='bbox 476 2306 552 2363; x_wconf 89' lang='lat' dir='ltr'>tum</span> <span class='ocrx_word' id='word_1_141' title='bbox 579 2286 781 2365; x_wconf 84' lang='lat' dir='ltr'>habemus</span> <span class='ocrx_word' id='word_1_142' title='bbox 773 2312 810 2363; x_wconf 88' lang='grc' dir='ltr'>ιιι</span> <span class='ocrx_word' id='word_1_143' title='bbox 833 2306 1012 2396; x_wconf 81' lang='lat' dir='ltr'>promptu,</span> <span class='ocrx_word' id='word_1_144' title='bbox 1041 2286 1132 2375; x_wconf 84' lang='lat' dir='ltr'>nibil</span> 
     </span>
     <span class='ocr_line' id='line_1_21' title="bbox 107 2384 1132 2503; baseline 0.003 -47"><span class='ocrx_word' id='word_1_145' title='bbox 107 2407 276 2487; x_wconf 83' lang='lat' dir='ltr'>oportere</span> <span class='ocrx_word' id='word_1_146' title='bbox 299 2386 521 2485; x_wconf 88' lang='lat' dir='ltr'>inopinatum</span> <span class='ocrx_word' id='word_1_147' title='bbox 538 2384 662 2463; x_wconf 87' lang='lat' dir='ltr'>videri.</span> <span class='ocrx_word' id='word_1_148' title='bbox 712 2386 813 2480; x_wconf 51' lang='lat' dir='ltr'>§Aut</span> <span class='ocrx_word' id='word_1_149' title='bbox 830 2408 892 2487; x_wconf 88' lang='lat' dir='ltr'>qur</span> <span class='ocrx_word' id='word_1_150' title='bbox 915 2386 1132 2503; x_wconf 83' lang='lat' dir='ltr'>tolerabilius</span> 
     </span>
    </p>
   </div>
   <div class='ocr_carea' id='block_1_5' title="bbox 106 2631 1158 3039">
    <p class='ocr_par' dir='ltr' id='par_1_6' title="bbox 106 2631 1132 2958">
     <span class='ocr_line' id='line_1_22' title="bbox 106 2631 1131 2736; baseline 0.001 -38"><span class='ocrx_word' id='word_1_151' title='bbox 106 2631 210 2715; x_wconf 62' lang='lat' dir='ltr'>flav*</span> <span class='ocrx_word' id='word_1_152' title='bbox 184 2661 245 2704; x_wconf 75' lang='lat' dir='ltr'>arse</span> <span class='ocrx_word' id='word_1_153' title='bbox 247 2636 338 2736; x_wconf 74' lang='lat' dir='ltr'>perol</span> <span class='ocrx_word' id='word_1_154' title='bbox 355 2638 463 2717; x_wconf 69' lang='grc' dir='ltr'><strong>πολλῆς</strong></span> <span class='ocrx_word' id='word_1_155' title='bbox 481 2640 595 2716; x_wconf 73' lang='grc' dir='ltr'><em>σπουδῆς</em></span> <span class='ocrx_word' id='word_1_156' title='bbox 645 2651 672 2698; x_wconf 86' lang='lat' dir='ltr'>et</span> <span class='ocrx_word' id='word_1_157' title='bbox 693 2641 840 2699; x_wconf 83' lang='lat' dir='ltr'>Manutius</span> <span class='ocrx_word' id='word_1_158' title='bbox 863 2660 897 2698; x_wconf 84' lang='lat' dir='ltr'>ex</span> <span class='ocrx_word' id='word_1_159' title='bbox 916 2642 1029 2699; x_wconf 82' lang='lat' dir='ltr'>vetustis</span> <span class='ocrx_word' id='word_1_160' title='bbox 1052 2642 1131 2701; x_wconf 89' lang='lat' dir='ltr'>codd.</span> 
     </span>
     <span class='ocr_line' id='line_1_23' title="bbox 106 2715 1131 2815; baseline 0.001 -38"><span class='ocrx_word' id='word_1_161' title='bbox 106 2715 303 2795; x_wconf 63' lang='lat' dir='ltr'>adnuntiatis</span> <span class='ocrx_word' id='word_1_162' title='bbox 316 2723 350 2779; x_wconf 69' lang='grc' dir='ltr'>(ἰν</span> <span class='ocrx_word' id='word_1_163' title='bbox 351 2718 456 2815; x_wconf 53' lang='lat' dir='ltr'>asiam</span> <span class='ocrx_word' id='word_1_164' title='bbox 506 2725 598 2779; x_wconf 89' lang='lat' dir='ltr'>Verba</span> <span class='ocrx_word' id='word_1_165' title='bbox 646 2723 715 2778; x_wconf 87' lang='lat' dir='ltr'>bene</span> <span class='ocrx_word' id='word_1_166' title='bbox 727 2724 903 2798; x_wconf 87' lang='lat' dir='ltr'>reponebant</span> <span class='ocrx_word' id='word_1_167' title='bbox 916 2737 963 2779; x_wconf 79' lang='lat' dir='ltr'>aut</span> <span class='ocrx_word' id='word_1_168' title='bbox 975 2744 1019 2800; x_wconf 78' lang='lat' dir='ltr'>qua</span> <span class='ocrx_word' id='word_1_169' title='bbox 1014 2723 1131 2779; x_wconf 78' lang='lat' dir='ltr'>tolera-</span> 
     </span>
     <span class='ocr_line' id='line_1_24' title="bbox 106 2798 1131 2881; baseline 0 -24"><span class='ocrx_word' id='word_1_170' title='bbox 106 2800 171 2863; x_wconf 84' lang='lat' dir='ltr'>sunt</span> <span class='ocrx_word' id='word_1_171' title='bbox 186 2802 306 2859; x_wconf 89' lang='lat' dir='ltr'>Diodori</span> <span class='ocrx_word' id='word_1_172' title='bbox 325 2802 432 2860; x_wconf 81' lang='lat' dir='ltr'>Siculi</span> <span class='ocrx_word' id='word_1_173' title='bbox 425 2822 457 2858; x_wconf 86' lang='lat' dir='ltr'>tn</span> <span class='ocrx_word' id='word_1_174' title='bbox 468 2802 575 2881; x_wconf 82' lang='lat' dir='ltr'>Excerp</span> <span class='ocrx_word' id='word_1_175' title='bbox 575 2815 597 2861; x_wconf 91' lang='lat' dir='ltr'>t.</span> <span class='ocrx_word' id='word_1_176' title='bbox 647 2798 732 2859; x_wconf 70' lang='lat' dir='ltr'>bilius.</span> <span class='ocrx_word' id='word_1_177' title='bbox 753 2802 785 2859; x_wconf 91' lang='lat' dir='ltr'>Id</span> <span class='ocrx_word' id='word_1_178' title='bbox 797 2802 924 2879; x_wconf 79' lang='lat' dir='ltr'>equidem</span> <span class='ocrx_word' id='word_1_179' title='bbox 940 2822 1056 2879; x_wconf 84' lang='lat' dir='ltr'>tempere</span> <span class='ocrx_word' id='word_1_180' title='bbox 1066 2803 1131 2859; x_wconf 90' lang='lat' dir='ltr'>nul</span> 
     </span>
     <span class='ocr_line' id='line_1_25' title="bbox 106 2881 1132 2958; baseline 0.001 -20"><span class='ocrx_word' id='word_1_181' title='bbox 106 2881 222 2939; x_wconf 85' lang='lat' dir='ltr'>Peiresc.</span> <span class='ocrx_word' id='word_1_182' title='bbox 237 2901 303 2958; x_wconf 84' lang='lat' dir='ltr'>pag.</span> <span class='ocrx_word' id='word_1_183' title='bbox 313 2899 382 2958; x_wconf 77' lang='lat'>345</span> <span class='ocrx_word' id='word_1_184' title='bbox 393 2882 434 2938; x_wconf 87' lang='lat' dir='ltr'>ed.</span> <span class='ocrx_word' id='word_1_185' title='bbox 450 2882 510 2940; x_wconf 89' lang='lat' dir='ltr'>Par.</span> <span class='ocrx_word' id='word_1_186' title='bbox 648 2882 691 2938; x_wconf 79' lang='lat' dir='ltr'>lus·</span> <span class='ocrx_word' id='word_1_187' title='bbox 715 2882 850 2947; x_wconf 82' lang='lat' dir='ltr'>dubitavi,</span> <span class='ocrx_word' id='word_1_188' title='bbox 877 2901 942 2939; x_wconf 89' lang='lat' dir='ltr'>uam</span> <span class='ocrx_word' id='word_1_189' title='bbox 969 2902 1025 2939; x_wconf 92' lang='lat' dir='ltr'>non</span> <span class='ocrx_word' id='word_1_190' title='bbox 1050 2882 1132 2953; x_wconf 84' lang='lat' dir='ltr'>modo</span> 
     </span>
    </p>

    <p class='ocr_par' dir='ltr' id='par_1_7' title="bbox 149 2960 1158 3039">
     <span class='ocr_line' id='line_1_26' title="bbox 149 2960 1158 3039; baseline -0.003 -19"><span class='ocrx_word' id='word_1_191' title='bbox 149 2964 298 3035; x_wconf 54' lang='lat' dir='ltr'>‘Quanta</span> <span class='ocrx_word' id='word_1_192' title='bbox 311 2962 537 3033; x_wconf 67' lang='lat' dir='ltr'>iamveterem]</span> <span class='ocrx_word' id='word_1_193' title='bbox 529 2961 599 3017; x_wconf 89' lang='lat' dir='ltr'>Vul·</span> <span class='ocrx_word' id='word_1_194' title='bbox 647 2962 780 3034; x_wconf 84' lang='lat' dir='ltr'>sententia</span> <span class='ocrx_word' id='word_1_195' title='bbox 803 2960 930 3035; x_wconf 83' lang='lat' dir='ltr'>postulat,</span> <span class='ocrx_word' id='word_1_196' title='bbox 949 2960 994 3018; x_wconf 81' lang='lat' dir='ltr'>sed</span> <span class='ocrx_word' id='word_1_197' title='bbox 1013 2971 1041 3018; x_wconf 85' lang='lat' dir='ltr'>et</span> <span class='ocrx_word' id='word_1_198' title='bbox 1058 2960 1130 3039; x_wconf 84' lang='lat' dir='ltr'>Reg</span> <span class='ocrx_word' id='word_1_199' title='bbox 1154 3020 1158 3027; x_wconf 71' lang='grc'>,</span> 
     </span>
    </p>
   </div>
   <div class='ocr_carea' id='block_1_6' title="bbox 106 3028 1248 3129">
    <p class='ocr_par' dir='ltr' id='par_1_8' title="bbox 106 3028 1248 3129">
     <span class='ocr_line' id='line_1_27' title="bbox 106 3028 1248 3129; baseline 0 -30"><span class='ocrx_word' id='word_1_200' title='bbox 106 3060 157 3117; x_wconf 82' lang='lat' dir='ltr'>go,</span> <span class='ocrx_word' id='word_1_201' title='bbox 169 3042 441 3119; x_wconf 76' lang='lat' dir='ltr'>quaminvetcratae</span> <span class='ocrx_word' id='word_1_202' title='bbox 474 3028 599 3117; x_wconf 78' lang='lat' dir='ltr'>AtReg.</span> <span class='ocrx_word' id='word_1_203' title='bbox 646 3028 785 3097; x_wconf 84' lang='lat' dir='ltr'>Pithoean.</span> <span class='ocrx_word' id='word_1_204' title='bbox 800 3040 876 3097; x_wconf 85' lang='lat' dir='ltr'>Med.</span> <span class='ocrx_word' id='word_1_205' title='bbox 892 3039 990 3099; x_wconf 86' lang='lat' dir='ltr'>Eliens.</span> <span class='ocrx_word' id='word_1_206' title='bbox 1010 3060 1051 3119; x_wconf 87' lang='lat' dir='ltr'>pr.</span> <span class='ocrx_word' id='word_1_207' title='bbox 1069 3052 1132 3099; x_wconf 83' lang='lat' dir='ltr'>tert.</span> <span class='ocrx_word' id='word_1_208' title='bbox 1245 3118 1248 3129; x_wconf 36' lang='grc' dir='ltr'>Ι</span> 
     </span>
    </p>
   </div>
   <div class='ocr_carea' id='block_1_7' title="bbox 104 3120 1137 4310">
    <p class='ocr_par' dir='ltr' id='par_1_9' title="bbox 104 3120 1137 4310">
     <span class='ocr_line' id='line_1_28' title="bbox 106 3120 1133 3197; baseline 0 -18"><span class='ocrx_word' id='word_1_209' title='bbox 106 3122 251 3179; x_wconf 76' lang='lat' dir='ltr'>Pithoean.</span> <span class='ocrx_word' id='word_1_210' title='bbox 271 3122 380 3183; x_wconf 88' lang='lat' dir='ltr'>Balliol</span> <span class='ocrx_word' id='word_1_211' title='bbox 399 3120 501 3197; x_wconf 85' lang='lat' dir='ltr'>aliique</span> <span class='ocrx_word' id='word_1_212' title='bbox 521 3123 597 3186; x_wconf 85' lang='lat' dir='ltr'>codi-</span> <span class='ocrx_word' id='word_1_213' title='bbox 644 3120 756 3179; x_wconf 89' lang='lat' dir='ltr'>Balliol.</span> <span class='ocrx_word' id='word_1_214' title='bbox 777 3120 894 3177; x_wconf 86' lang='lat' dir='ltr'>Petrens</span> <span class='ocrx_word' id='word_1_215' title='bbox 914 3140 946 3179; x_wconf 88' lang='lat' dir='ltr'>ac</span> <span class='ocrx_word' id='word_1_216' title='bbox 964 3122 1032 3179; x_wconf 86' lang='lat' dir='ltr'>Balr.</span> <span class='ocrx_word' id='word_1_217' title='bbox 1054 3122 1133 3179; x_wconf 88' lang='lat' dir='ltr'>addi·</span> 
     </span>
     <span class='ocr_line' id='line_1_29' title="bbox 105 3192 1132 3294; baseline 0.001 -35"><span class='ocrx_word' id='word_1_218' title='bbox 105 3221 150 3259; x_wconf 71' lang='lat' dir='ltr'>ces</span> <span class='ocrx_word' id='word_1_219' title='bbox 164 3192 441 3294; x_wconf 59' lang='lat' dir='ltr'>pantomimae,</span> <span class='ocrx_word' id='word_1_220' title='bbox 456 3212 487 3257; x_wconf 85' lang='lat' dir='ltr'>ut</span> <span class='ocrx_word' id='word_1_221' title='bbox 501 3201 598 3259; x_wconf 86' lang='lat' dir='ltr'>Cicero</span> <span class='ocrx_word' id='word_1_222' title='bbox 646 3212 723 3259; x_wconf 84' lang='lat' dir='ltr'>cunt</span> <span class='ocrx_word' id='word_1_223' title='bbox 758 3201 805 3258; x_wconf 92' lang='lat' dir='ltr'>Ad</span> <span class='ocrx_word' id='word_1_224' title='bbox 820 3220 876 3257; x_wconf 86' lang='lat' dir='ltr'>rem</span> <span class='ocrx_word' id='word_1_225' title='bbox 892 3220 1049 3278; x_wconf 82' lang='lat' dir='ltr'>veroquam</span> <span class='ocrx_word' id='word_1_226' title='bbox 1060 3202 1132 3261; x_wconf 84' lang='lat' dir='ltr'>Tul·</span> 
     </span>
     <span class='ocr_line' id='line_1_30' title="bbox 106 3277 1132 3361; baseline 0.002 -24"><span class='ocrx_word' id='word_1_227' title='bbox 106 3281 180 3361; x_wconf 78' lang='lat' dir='ltr'>serip</span> <span class='ocrx_word' id='word_1_228' title='bbox 180 3277 247 3339; x_wconf 70' lang='lat' dir='ltr'>sttit</span> <span class='ocrx_word' id='word_1_229' title='bbox 269 3295 368 3358; x_wconf 75' lang='lat' dir='ltr'>quanta</span> <span class='ocrx_word' id='word_1_230' title='bbox 391 3281 419 3337; x_wconf 90' lang='lat' dir='ltr'>in</span> <span class='ocrx_word' id='word_1_231' title='bbox 444 3281 597 3349; x_wconf 75' lang='lat' dir='ltr'>inveterata,</span> <span class='ocrx_word' id='word_1_232' title='bbox 646 3281 701 3338; x_wconf 88' lang='lat' dir='ltr'>lius</span> <span class='ocrx_word' id='word_1_233' title='bbox 721 3281 780 3357; x_wconf 86' lang='lat' dir='ltr'>agit</span> <span class='ocrx_word' id='word_1_234' title='bbox 799 3282 916 3356; x_wconf 83' lang='lat' dir='ltr'>pertinet</span> <span class='ocrx_word' id='word_1_235' title='bbox 936 3281 1002 3341; x_wconf 86' lang='lat' dir='ltr'>illud</span> <span class='ocrx_word' id='word_1_236' title='bbox 1025 3282 1132 3343; x_wconf 80' lang='lat' dir='ltr'>Solonis</span> 
     </span>
     <span class='ocr_line' id='line_1_31' title="bbox 107 3304 1132 3481; baseline -0.002 -60"><span class='ocrx_word' id='word_1_237' title='bbox 107 3382 165 3481; x_wconf 73' lang='lat' dir='ltr'>qap</span> <span class='ocrx_word' id='word_1_238' title='bbox 158 3304 267 3421; x_wconf 73' lang='lat' dir='ltr'>Pinodo</span> <span class='ocrx_word' id='word_1_239' title='bbox 282 3361 344 3419; x_wconf 85' lang='lat' dir='ltr'>Des.</span> <span class='ocrx_word' id='word_1_240' title='bbox 360 3361 488 3419; x_wconf 78' lang='lat' dir='ltr'>Erasmus</span> <span class='ocrx_word' id='word_1_241' title='bbox 502 3362 597 3423; x_wconf 79' lang='lat' dir='ltr'>edidit</span> <span class='ocrx_word' id='word_1_242' title='bbox 644 3362 764 3424; x_wconf 68' lang='lat' dir='ltr'>dietum,</span> <span class='ocrx_word' id='word_1_243' title='bbox 774 3360 1132 3443; x_wconf 67' lang='lat' dir='ltr'>cuililiumsatofundlum</span> 
     </span>
     <span class='ocr_line' id='line_1_32' title="bbox 147 3438 1132 3537; baseline -0.003 -35.898"><span class='ocrx_word' id='word_1_244' title='bbox 147 3438 248 3502; x_wconf 74' lang='lat' dir='ltr'>‘Hoc</span> <span class='ocrx_word' id='word_1_245' title='bbox 260 3442 403 3515; x_wconf 75' lang='lat' dir='ltr'>enimserc]</span> <span class='ocrx_word' id='word_1_246' title='bbox 420 3442 523 3531; x_wconf 77' lang='lat' dir='ltr'>Vulgo,</span> <span class='ocrx_word' id='word_1_247' title='bbox 533 3438 597 3497; x_wconf 81' lang='lat' dir='ltr'>baec</span> <span class='ocrx_word' id='word_1_248' title='bbox 646 3438 798 3537; x_wconf 85' lang='lat' dir='ltr'>lugenti</span> <span class='ocrx_word' id='word_1_249' title='bbox 783 3461 848 3499; x_wconf 90' lang='lat' dir='ltr'>cum</span> <span class='ocrx_word' id='word_1_250' title='bbox 877 3440 1022 3515; x_wconf 81' lang='lat' dir='ltr'>diceretur,</span> <span class='ocrx_word' id='word_1_251' title='bbox 1047 3438 1132 3499; x_wconf 79' lang='grc' dir='ltr'>Ἀλλ’</span> 
     </span>
     <span class='ocr_line' id='line_1_33' title="bbox 106 3510 1133 3598; baseline -0.004 -17"><span class='ocrx_word' id='word_1_252' title='bbox 106 3510 198 3591; x_wconf 81' lang='lat' dir='ltr'>Male,</span> <span class='ocrx_word' id='word_1_253' title='bbox 221 3533 374 3598; x_wconf 78' lang='lat' dir='ltr'>contraque</span> <span class='ocrx_word' id='word_1_254' title='bbox 395 3542 481 3597; x_wconf 87' lang='lat' dir='ltr'>quam</span> <span class='ocrx_word' id='word_1_255' title='bbox 498 3520 599 3597; x_wconf 87' lang='lat' dir='ltr'>jubent</span> <span class='ocrx_word' id='word_1_256' title='bbox 645 3516 747 3580; x_wconf 75' lang='grc' dir='ltr'><em>ὀδὲν’</em></span> <span class='ocrx_word' id='word_1_257' title='bbox 728 3516 861 3586; x_wconf 60' lang='lat' dir='ltr'>arderem.</span> <span class='ocrx_word' id='word_1_258' title='bbox 892 3516 934 3576; x_wconf 82' lang='grc' dir='ltr'>Δι</span> <span class='ocrx_word' id='word_1_259' title='bbox 949 3524 1015 3581; x_wconf 72' lang='lat' dir='ltr'>adro</span> <span class='ocrx_word' id='word_1_260' title='bbox 1006 3518 1133 3581; x_wconf 69' lang='grc' dir='ltr'>δὲταῦ-</span> 
     </span>
     <span class='ocr_line' id='line_1_34' title="bbox 106 3596 1133 3682; baseline 0 -23"><span class='ocrx_word' id='word_1_261' title='bbox 106 3605 186 3682; x_wconf 47' lang='lat' dir='ltr'>Rug,</span> <span class='ocrx_word' id='word_1_262' title='bbox 199 3602 340 3661; x_wconf 78' lang='lat' dir='ltr'>Pithoeau.</span> <span class='ocrx_word' id='word_1_263' title='bbox 353 3604 432 3663; x_wconf 84' lang='lat' dir='ltr'>Med.</span> <span class='ocrx_word' id='word_1_264' title='bbox 444 3599 543 3663; x_wconf 81' lang='lat' dir='ltr'>Eliens.</span> <span class='ocrx_word' id='word_1_265' title='bbox 554 3621 596 3678; x_wconf 87' lang='lat' dir='ltr'>pt.</span> <span class='ocrx_word' id='word_1_266' title='bbox 646 3618 688 3667; x_wconf 73' lang='grc' dir='ltr'>τι,</span> <span class='ocrx_word' id='word_1_267' title='bbox 716 3600 819 3675; x_wconf 88' lang='lat' dir='ltr'>inquit,</span> <span class='ocrx_word' id='word_1_268' title='bbox 847 3596 1005 3676; x_wconf 68' lang='grc' dir='ltr'>δακρύω,</span> <span class='ocrx_word' id='word_1_269' title='bbox 988 3620 1028 3661; x_wconf 76' lang='lat' dir='ltr'>uri</span> <span class='ocrx_word' id='word_1_270' title='bbox 1059 3596 1133 3659; x_wconf 72' lang='grc' dir='ltr'>οὐδὲν</span> 
     </span>
     <span class='ocr_line' id='line_1_35' title="bbox 104 3676 1133 3837; baseline -0.003 -18"><span class='ocrx_word' id='word_1_271' title='bbox 104 3683 258 3819; x_wconf 58' lang='lat' dir='ltr'>mallii</span> <span class='ocrx_word' id='word_1_272' title='bbox 270 3683 494 3837; x_wconf 41' lang='lat' dir='ltr'>dbijldliidlilms</span> <span class='ocrx_word' id='word_1_273' title='bbox 509 3760 596 3836; x_wconf 77' lang='lat' dir='ltr'>feret]</span> <span class='ocrx_word' id='word_1_274' title='bbox 646 3700 795 3821; x_wconf 45' lang='lat' dir='ltr'>derrltriill.</span> <span class='ocrx_word' id='word_1_275' title='bbox 799 3660 1133 3829; x_wconf 39' lang='lat' dir='ltr'>xvlilieenidraeefiiill&#39;Slobaeida</span> 
     </span>
     <span class='ocr_line' id='line_1_36' title="bbox 105 3840 1134 4000; baseline -0.005 -18"><span class='ocrx_word' id='word_1_276' title='bbox 105 3844 219 3987; x_wconf 63' lang='lat' dir='ltr'>„Vll”</span> <span class='ocrx_word' id='word_1_277' title='bbox 219 3840 599 4000; x_wconf 61' lang='grc' dir='ltr'>ιέιῗᾞ’“ἷιίἷὲιῖἶ“ἳιῖ’ζ</span> <span class='ocrx_word' id='word_1_278' title='bbox 647 3842 734 3979; x_wconf 75' lang='lat' dir='ltr'>iil.n</span> <span class='ocrx_word' id='word_1_279' title='bbox 748 3840 988 3979; x_wconf 51' lang='lat' dir='ltr'>Slbplltffl.</span> <span class='ocrx_word' id='word_1_280' title='bbox 995 3840 1134 3979; x_wconf 58' lang='lat' dir='ltr'>{blla</span> 
     </span>
     <span class='ocr_line' id='line_1_37' title="bbox 107 3998 1133 4084; baseline -0.001 -26"><span class='ocrx_word' id='word_1_281' title='bbox 107 4004 175 4084; x_wconf 67' lang='lat' dir='ltr'>quae</span> <span class='ocrx_word' id='word_1_282' title='bbox 201 4002 315 4077; x_wconf 81' lang='lat' dir='ltr'>quidem</span> <span class='ocrx_word' id='word_1_283' title='bbox 339 4002 472 4078; x_wconf 82' lang='lat' dir='ltr'>scriptura</span> <span class='ocrx_word' id='word_1_284' title='bbox 490 4002 599 4065; x_wconf 88' lang='lat' dir='ltr'>nullum</span> <span class='ocrx_word' id='word_1_285' title='bbox 647 4002 738 4077; x_wconf 80' lang='lat' dir='ltr'>placet</span> <span class='ocrx_word' id='word_1_286' title='bbox 758 3998 913 4067; x_wconf 78' lang='lat' dir='ltr'>tolerantius,</span> <span class='ocrx_word' id='word_1_287' title='bbox 935 4020 991 4061; x_wconf 83' lang='lat' dir='ltr'>non</span> <span class='ocrx_word' id='word_1_288' title='bbox 1013 4000 1133 4057; x_wconf 77' lang='lat' dir='ltr'>tolerali-</span> 
     </span>
     <span class='ocr_line' id='line_1_38' title="bbox 107 4074 1134 4158; baseline 0.002 -21"><span class='ocrx_word' id='word_1_289' title='bbox 107 4074 163 4144; x_wconf 69' lang='lat' dir='ltr'>hoe</span> <span class='ocrx_word' id='word_1_290' title='bbox 177 4082 284 4139; x_wconf 88' lang='lat' dir='ltr'>mloeo</span> <span class='ocrx_word' id='word_1_291' title='bbox 297 4081 404 4139; x_wconf 87' lang='lat' dir='ltr'>sensum</span> <span class='ocrx_word' id='word_1_292' title='bbox 417 4080 518 4140; x_wconf 85' lang='lat' dir='ltr'>fundit.</span> <span class='ocrx_word' id='word_1_293' title='bbox 542 4082 601 4158; x_wconf 80' lang='lat' dir='ltr'>Igi-</span> <span class='ocrx_word' id='word_1_294' title='bbox 648 4080 723 4145; x_wconf 68' lang='lat' dir='ltr'>lima</span> <span class='ocrx_word' id='word_1_295' title='bbox 767 4080 805 4147; x_wconf 88' lang='lat' dir='ltr'>id,</span> <span class='ocrx_word' id='word_1_296' title='bbox 837 4080 1017 4143; x_wconf 78' lang='lat' dir='ltr'>renitentibus</span> <span class='ocrx_word' id='word_1_297' title='bbox 1049 4082 1134 4143; x_wconf 86' lang='lat' dir='ltr'>MSS</span> 
     </span>
     <span class='ocr_line' id='line_1_39' title="bbox 108 4144 1136 4247; baseline -0.003 -28"><span class='ocrx_word' id='word_1_298' title='bbox 108 4175 158 4225; x_wconf 77' lang='lat' dir='ltr'>tot</span> <span class='ocrx_word' id='word_1_299' title='bbox 177 4152 338 4237; x_wconf 79' lang='lat' dir='ltr'>Turnebira,</span> <span class='ocrx_word' id='word_1_300' title='bbox 362 4161 518 4220; x_wconf 79' lang='lat' dir='ltr'>Adrorl&#39;.</span> <span class='ocrx_word' id='word_1_301' title='bbox 493 4182 549 4247; x_wconf 68' lang='lat' dir='ltr'>arx.</span> <span class='ocrx_word' id='word_1_302' title='bbox 572 4175 598 4247; x_wconf 72' lang='lat'>5.</span> <span class='ocrx_word' id='word_1_303' title='bbox 648 4162 724 4219; x_wconf 85' lang='lat' dir='ltr'>baud</span> <span class='ocrx_word' id='word_1_304' title='bbox 748 4159 785 4217; x_wconf 85' lang='lat' dir='ltr'>est</span> <span class='ocrx_word' id='word_1_305' title='bbox 811 4144 1033 4221; x_wconf 73' lang='lat' dir='ltr'>admittendum:</span> <span class='ocrx_word' id='word_1_306' title='bbox 1071 4162 1136 4225; x_wconf 77' lang='lat' dir='ltr'>licet</span> 
     </span>
     <span class='ocr_line' id='line_1_40' title="bbox 633 4242 1137 4310; baseline -0.004 -10.813"><span class='ocrx_word' id='word_1_307' title='bbox 633 4259 726 4310; x_wconf 45' lang='lat' dir='ltr'>wa</span> <span class='ocrx_word' id='word_1_308' title='bbox 1062 4242 1137 4298; x_wconf 86' lang='lat' dir='ltr'>enirn</span> 
     </span>
    </p>
   </div>
   <div class='ocr_carea' id='block_1_8' title="bbox 0 0 1417 4859">
    <p class='ocr_par' dir='ltr' id='par_1_10' title="bbox 0 0 1417 4859">
     <span class='ocr_line' id='line_1_41' title="bbox 0 0 1417 4859; baseline 0 0"><span class='ocrx_word' id='word_1_309' title='bbox 0 0 1417 4859; x_wconf 95' lang='lat' dir='ltr'> </span> 
     </span>
    </p>
   </div>
  </div>
 </body>
</html>
