2817 4859
258 346 297 419 70
467 328 659 395 Tuscon.
683 324 1073 392 DISPUTATIONUM

253 496 349 571 bure
389 491 476 571 'diu
508 490 689 567 mansuros
714 489 814 566 aiunt
842 484 1005 573 animos,
1042 484 1191 585 semper,
1219 509 1294 559 ne-

329 607 355 665 ῒ·
916 659 921 668 .
1153 606 1156 613 ’
1368 660 1372 673 .

252 616 473 767 gmXXXIl.
497 689 670 763 'Numne
687 684 741 761 vis
765 685 876 783 igitur
900 685 1034 771 audire,
1053 706 1130 767 cur,
1149 682 1290 758 etiamfi

252 790 305 867 ite
320 788 378 882 fit,
394 812 488 863 mors
504 805 622 863 tamen
643 810 718 861 non
741 782 785 859 sit
809 782 848 857 in
873 784 1003 859 malis?
1046 782 1093 857 A.
1110 782 1167 857 Ut
1182 779 1294 855 vide·

255 905 337 963 tur:
364 886 425 961 sed
441 912 498 961 me
514 910 620 959 nemo
645 886 690 958 de
714 879 978 959 immortalitate
1003 881 1169 980 depellet.
1218 879 1286 955 M.

256 986 383 1061 Laudo
399 985 436 1059 id
461 984 631 1087 quidem;
657 989 667 1027 ¹
683 981 747 1055 etsi
772 981 862 1055 nihil
881 980 987 1058 nimis
1008 996 1150 1079 oportet
1165 979 1290 1053 confi-

254 1084 364 1159 dere:
390 1107 577 1157 movemur
592 1081 688 1155 enim
705 1080 797 1179 soepe
813 1080 934 1177 aliquo
958 1099 1061 1153 acute
1087 1078 1259 1153 concluso
1276 1107 1288 1153 z

253 1182 415 1259 labamus
438 1180 621 1255 mutamus
641 1205 686 1254 ue
712 1178 935 1268 sententiam,
951 1178 1157 1254 clarioribus
1177 1178 1289 1251 etiam

254 1272 293 1357 in
310 1283 439 1357 rebus:
463 1280 502 1355 in
520 1278 575 1355 his
591 1206 642 1353 el
658 1276 756 1351 enim
770 1278 890 1375 aliqua
905 1276 1109 1353 obscuritas.
1154 1277 1198 1349 ld
1213 1275 1289 1375 igi·

253 1396 314 1457 tur
342 1379 371 1453 fi
396 1378 576 1467 acciderit,
599 1377 706 1453 fimus
735 1376 872 1461 armati.
922 1378 969 1451 A.
987 1376 1078 1452 Sane
1107 1376 1286 1473 quidem:

253 1478 314 1553 sed
330 1504 375 1553 ne
392 1476 562 1553 acciderit
577 1475 788 1591 providebo.
823 1476 880 1549 M.
898 1471 1090 1577 Numquid
1106 1472 1216 1573 igitur
1232 1472 1288 1549 est

253 1576 380 1667 causae,
406 1576 495 1675 quin
523 1600 657 1651 anucos
691 1574 827 1647 nostros
859 1572 999 1649 Stoicos
1032 1573 1285 1651 dimittamus?

253 1696 313 1751 eos
336 1676 432 1767 dico,
448 1675 511 1775 qui
533 1674 633 1749 aiunt
656 1696 799 1747 manere
823 1671 972 1761 animos,
989 1696 1073 1747 cum
1095 1694 1286 1771 ecorpore

251 1774 475 1863 excesserint,
493 1773 642 1849 sednon
667 1772 816 1871 semper.
867 1772 916 1847 A.
934 1772 1022 1847 Istos
1038 1796 1148 1857 vero;
1175 1783 1193 1815 ¹¹
1205 1770 1284 1870 qui,

252 1970 298 2029 Ne
311 1972 403 2049 plures
415 1990 577 2039 memorem,
591 1971 653 2031 vide
669 1972 742 2031 Ori·
790 1970 815 2029 ri
827 1968 974 2045 adfirment.
995 1970 1193 2037 Theodoretue,
1205 1970 1287 2029 The·

250 2052 343 2121 diurn,
372 2054 471 2111 Amor.
497 2050 548 2109 lib.
572 2050 602 2109 ii.
629 2052 675 2110 El.
704 2052 743 2111 vi.
791 2070 850 2129 rap.
865 2072 892 2109 v.
905 2070 934 2127 p.
951 2066 997 2127 73.
1013 2067 1060 2107 ao.
1073 2050 1116 2108 ed.
1130 2050 1214 2108 Com.
1248 2050 1286 2107 Oi

251 2143 303 2209 35.
333 2141 361 2213 ‘l
388 2132 523 2201 Plinium,
556 2130 597 2189 H.
626 2132 667 2189 N.
692 2132 742 2192 vii.
792 2130 821 2190 δὲ
835 2129 943 2189 Στωικοὶ
956 2126 1009 2196 τὰς
1021 2126 1286 2267 χωμὶσμέναςτῶν

250 2210 291 2284 48
792 2207 933 2291 cupadrwr
951 2207 1079 2309 ψυχῆς,ν
1105 2208 1202 2290 ιαρκές
1228 2209 1286 2289 μὲν

291 2296 301 2327 ¹
322 2290 379 2349 Diu
392 2288 520 2371 mansues
532 2290 607 2351 aiunt
626 2292 741 2365 animm
791 2286 859 2353 καθ’
873 2293 975 2358 ἑαυτας
994 2290 1042 2373 Zp?
1061 2304 1182 2357 zoarae,
1196 2285 1284 2349 ἀλλσέ

240 2368 351 2508 semper,
371 2370 479 2449 rugant]
506 2372 532 2433 E
551 2372 649 2431 Stoicis
672 2392 744 2431 non·
790 2365 840 2447 miv
853 2370 909 2510 pir
927 2365 1101 2461 dberefe'pap
1121 2366 1161 2428 ἐπ’
1175 2365 1284 2463 ipiyov,

251 2462 291 2508 nu
313 2451 502 2510 icunsiorum
521 2452 630 2511 animos
644 2450 743 2510 tantis·
790 2452 839 2527 riv
867 2450 929 2530 ἐγε
943 2445 1045 2529 ἷχυρᾶν
1062 2471 1149 2531 μεχρι
1167 2469 1215 2525 της
1234 2448 1286 2508 reri

250 2548 300 2606 per
319 2550 431 2589 manere
451 2530 515 2591 sunt
533 2532 657 2592 arbitrati
667 2558 675 2605 3
697 2532 744 2591 sed
789 2526 898 2597 παντὸς
911 2527 1098 2610 ἐκπυρώσεως.
1126 2531 1307 2588 videlieet·

250 2610 362 2686 reliqui,
377 2610 521 2667 stultorum
535 2610 623 2680 brevi,
634 2610 742 2691 sapien·
789 2632 876 2689 pagg.
888 2624 1015 2689 72-74.
1036 2610 1129 2669 Falsus
1140 2620 1233 2669 autem
1245 2610 1285 2669 est

250 2690 324 2746 tium
340 2708 404 2747 vero
424 2698 530 2749 menter
549 2708 615 2747 eum
636 2692 742 2750 mundo
789 2692 976 2769 Epiphanius,
990 2690 1039 2768 qui
1053 2692 1102 2751 lib.
1116 2692 1136 2749 i.
1156 2692 1237 2753 Haer.
1250 2708 1281 2785 p.

250 2768 332 2826 simul
343 2768 452 2828 interire
462 2768 632 2841 statuerunt,
647 2780 741 2849 utpa·
790 2772 894 2829 Stoiooe
926 2764 1071 2830 abluerer
1101 2766 1150 2846 τὴν
1183 2768 1284 2851 dume

249 2858 332 2907 tetex
342 2848 446 2909 Laertii
457 2849 507 2909 vii.
520 2863 583 2927 157.
596 2850 638 2909 ed.
648 2852 741 2913 Amst.
788 2845 902 2930 iye'rbuq
911 2852 999 2909 docet.
1020 2851 1065 2908 Ita
1075 2861 1168 2909 tamen
1179 2851 1283 2928 Orige-

249 2929 286 2987 ad
299 2950 381 3007 quem
395 2930 487 2989 locum
496 2930 629 2991 videndus
639 2932 740 2990 Mena·
788 2951 836 2990 nee
851 2932 948 2999 etiam,
960 2930 1061 2991 Philos.
1073 2951 1098 2989 c.
1112 2932 1171 2989 xxi.
1200 2932 1283 2991 Idem

247 3009 324 3087 gius.
357 3010 415 3069 Adi
429 3010 461 3069 tis
474 3020 502 3067 et
515 3010 585 3087 Just.
602 3010 741 3089 Lipfiunr,
789 3012 883 3069 innuit
896 3021 924 3069 et
938 3010 1112 3081 Lasiautiue,
1124 3010 1191 3070 Dir.
1210 3013 1282 3072 lust.

249 3090 330 3165 Phys.
346 3090 431 3147 Stoic.
444 3091 494 3148 lib.
510 3090 551 3148 iii.
564 3109 628 3167 cap,
646 3110 692 3149 11.
708 3112 741 3151 ac
787 3092 836 3154 lib.
849 3092 891 3150 iii.
904 3111 929 3149 c.
944 3092 1023 3149 xviii.
1037 3104 1065 3171 5.

247 3166 306 3238 Th.
335 3168 507 3227 Getakerum
534 3170 569 3227 ad
599 3172 740 3233 Antonini
826 3173 962 3231 ·Numne
971 3171 1029 3247 vis]
1042 3172 1146 3249 Vulgo,
1155 3192 1215 3228 num
1225 3173 1281 3232 vis.

248 3246 286 3304 iv.
303 3266 348 3306 ar.
383 3248 445 3307 Nos
458 3250 586 3325 paucula,
597 3270 660 3329 quae
673 3254 739 3311 doc·
788 3252 830 3310 At
843 3252 916 3329 Reg.
932 3252 1002 3309 Bali.
1022 3253 1101 3310 Med.
1121 3264 1149 3309 et
1169 3253 1282 3313 Balliol.

247 3324 739 3407 tissimusilloavimssugerunt,hic
787 3352 848 3389 num
869 3352 926 3390 non
949 3333 1011 3397 misr
1040 3333 1112 3389 unde
1132 3332 1178 3390 cl.
1193 3334 1282 3391 Bent-

247 3410 690 3551 idR⁰⁰⁰m⁰⁵'1·T⁸¹t⁰·miimid
704 3414 741 3506 de
786 3412 856 3547 {eius
878 3412 945 3471 fecit
967 3431 1059 3471 numne
1083 3414 1137 3482 vis,
1158 3432 1282 3493 eumque

248 3493 739 3659 reiiii'irisiigiii,iiixidr⁹iusqii
798 3511 925 3650 elwine
948 3571 1013 3629 nrm
1037 3571 1137 3646 nimis]
1171 3572 1280 3651 vargo,

247 3668 275 3707 m
308 3648 529 3727 conflagrationem
555 3653 738 3731 universttatis,
785 3652 898 3709 areimis:
912 3654 987 3729 quod
999 3672 1142 3731 perperam
1150 3650 1280 3710 Gebhar-

247 3742 276 3785 ιιι
292 3728 378 3797 Stoici,
381 3730 451 3808 seras
452 3728 626 3807 solanidgst,
630 3732 737 3811 sapien·
785 3732 838 3789 dus
851 3734 998 3791 revocavit.
1038 3732 1169 3790 Erasmus
1188 3733 1279 3800 enirn,

246 3807 427 3876 immunimus,
441 3808 589 3888 insupernr's
603 3814 738 3889 marrstonr‘·
785 3812 944 3880 Manutius,
957 3822 985 3874 et
998 3813 1154 3873 Lambinus
1171 3813 1201 3871 in
1220 3813 1278 3871 suis

248 3884 295 3943 bus
315 3890 472 3949 collocant-
478 3891 543 3968 Quos
562 3888 673 3969 equidem
688 3894 736 3949 mi·
784 3892 952 3951 editionibus
966 3912 1059 3956 veram
1072 3894 1168 3951 dedere
1180 3891 1278 3951 lessio-

246 3968 545 4047 ror,qreodimprudeutes
555 3970 653 4029 atrimae
666 3973 735 4031 circa
784 3992 859 4037 nem.

245 4056 340 4105 terram
349 4050 514 4125 preste-mant,
524 4071 580 4107 cum
591 4052 652 4109 illas
661 4074 679 4109 α
683 4054 734 4130 siz
821 4061 837 4088 ¹²
857 4052 925 4127 Qui,
938 4052 1006 4132 quod
1024 4062 1079 4110 tota
1097 4053 1125 4110 in
1137 4050 1279 4131 succensa

240 4126 368 4205 pientibus
380 4130 456 4187 mlta
484 4130 635 4213 uperr'oribur
648 4132 735 4193 erudi·
782 4130 957 4211 dffiultmm
970 4135 1013 4211 est,
1026 4131 1193 4213 suscipiant]
1208 4134 1277 4191 Ma·

1222 4234 1274 4283 mr,
