2817 4859
418 410 577 476 rrrrr
604 405 815 475 rutulos.
1089 356 1137 500 ’,ξ

87 572 301 665 evenerint,
317 594 438 649 tamen
458 572 543 674 quia
565 572 712 673 poliunt
735 570 905 650 eveniret
930 571 990 649 sed
1017 572 1137 653 homi·

90 702 166 751 nes
192 703 232 751 ea
258 673 322 749 fibi
350 674 511 749 accidere
537 674 634 771 polle
666 699 739 747 non
768 671 941 771 cogitant.
992 674 1136 751 Metelli

92 778 220 873 sperat
250 774 313 849 fibi
341 772 489 871 quisque
519 772 725 847 fortunam:
761 770 911 870 proinde
941 772 1041 869 quast
1072 796 1137 850 aut

92 876 227 972 plures
242 869 411 951 fortunati
428 871 497 943 fint
512 894 623 969 quam
640 870 800 945 infelices
815 902 827 957 ;
852 890 913 943 aut
929 872 1016 945 certi
1032 874 1135 970 quie·

94 998 219 1084 quarn
235 974 273 1045 fit
290 971 328 1045 in
345 972 451 1044 rebus
467 969 653 1057 humanis3
681 990 742 1045 aut
763 969 899 1068 sperare
922 968 966 1041 srt
981 972 1136 1067 pruden.

95 1091 180 1144 trus
198 1094 303 1169 quam
320 1069 455 1143 timere.
506 1068 578 1142 Sed
595 1069 665 1143 hoc
683 1068 801 1167 ipsum
822 1070 1051 1157 concedatur,
1069 1072 1136 1144 bo-

1 1222 2 1253 2
98 1168 163 1242 nis
183 1170 286 1243 rebus
311 1168 471 1241 homines
496 1186 611 1241 morte
662 1168 791 1241 rivari:
817 1166 887 1239 der
913 1166 1060 1241 oetiam
1075 1195 1136 1243 ca·

1 1264 2 1268 ’
99 1292 182 1341 rere
200 1286 359 1343 mortuos
375 1266 462 1340 vitae
479 1193 704 1341 commotis?
734 1265 843 1362 idque
858 1193 929 1338 elle
946 1266 1136 1343 miseruml

99 1386 203 1439 certe
221 1366 406 1464 indicant
422 1366 559 1439 necelle
575 1366 638 1438 est.
690 1364 750 1439 An
775 1366 890 1462 potest
913 1364 958 1451 is,
975 1365 1038 1463 qui
1062 1392 1137 1452 nou

99 1466 227 1553 eli,re
244 1466 316 1539 ulla
330 1466 476 1537 carere?
501 1462 599 1536 triste
616 1462 714 1537 enirn
731 1464 782 1537 est
799 1484 929 1536 nornen
946 1464 1061 1561 ipsurn
1077 1490 1138 1540 ca·

102 1564 222 1653 rendi,
239 1563 323 1663 quia
338 1562 523 1657 subjicitur
539 1563 618 1637 haec
635 1562 688 1637 vis
705 1596 716 1649 ς
742 1560 894 1653 Habuit,
920 1588 994 1635 non
1016 1564 1137 1655 habet,

103 1664 295 1749 defiderat,
313 1659 475 1759 requirit,
492 1661 653 1761 indiget:
681 1662 757 1735 haec
783 1660 912 1770 opinor
936 1660 1139 1737 incommo-

105 1764 152 1835 da
170 1761 251 1833 sunt
267 1760 429 1835 carentis.
471 1760 575 1833 Caret
591 1758 705 1833 oculis
722 1761 735 1833 l
763 1760 884 1833 odrosa
899 1760 1066 1835 caecitas:
1092 1764 1138 1835 li*

104 1856 227 1933 beris?
254 1861 398 1934 orbitas.
432 1858 535 1933 Valet
552 1858 622 1933 hoc
640 1854 811 1933 invitior
836 1878 1059 1931 mortuorum
1075 1886 1140 1933 au·

104 1980 196 2047 tem,
212 1983 284 2031 non
302 1960 412 2033 modo
429 1956 514 2031 vitae
532 1954 744 2041 commodis,
762 1955 821 2028 sed
838 1982 884 2030 ne
900 1954 974 2031 vita
990 1957 1139 2054 quidem

105 2056 184 2155 ipsa
197 2056 386 2156 quisquam
402 2072 509 2129 caret.
561 2056 618 2129 De
645 2053 793 2129 mortuis
810 2056 951 2154 loquor,
968 2058 1032 2156 qui
1048 2060 1138 2133 nulli

106 2158 202 2230 sunt.
253 2158 331 2229 Nos
356 2154 421 2253 qui
442 2154 573 2245 sumus,
589 2180 690 2243 num,
705 2167 793 2227 eaut
808 2154 836 2226 fi
854 2156 1019 2229 cornibus
1040 2183 1139 2231 care-

106 2280 189 2327 mus
217 2276 278 2328 aut
304 2253 433 2353 pinnis,
458 2252 503 2327 fit
532 2254 593 2352 qui
622 2252 660 2327 id
693 2250 855 2327 dixerit?
894 2274 989 2327 certe
1019 2281 1139 2331 nemo.

105 2350 216 2427 Quid
232 2352 310 2425 ital
353 2352 447 2426 Quia
463 2376 546 2425 cum
565 2352 602 2424 id
620 2376 693 2425 non
711 2353 852 2435 habeas,
870 2356 969 2447 quod
986 2351 1052 2424 tibi
1070 2380 1138 2427 nec

103 2452 183 2525 usu
197 2474 266 2537 nec
283 2467 402 2525 natura
414 2452 459 2525 fit
475 2469 598 2550 aptum
615 2482 625 2536 ς
653 2474 726 2523 non
744 2473 872 2537 careas,
889 2450 1040 2523 etiamst
1060 2452 1138 2523 sen·

104 2550 180 2624 tias
198 2568 233 2621 te
257 2574 329 2621 non
350 2550 491 2626 habere.
541 2550 627 2622 Hoc
650 2549 885 2647 premendum
902 2546 1010 2621 etiam
1032 2568 1139 2648 atque

105 2649 219 2723 eriam
246 2648 299 2722 est
321 2665 583 2747 argumennrm,
605 2646 818 2720 confirmato
844 2646 920 2734 illo,
938 2650 982 2721 de
1008 2674 1094 2745 quo,
1112 2648 1142 2727 st

108 2746 274 2823 mortales
301 2746 412 2821 animi
434 2748 527 2833 sunt,
551 2744 714 2820 dubitare
740 2772 812 2819 non
838 2746 1033 2845 polluntur,
1051 2749 1142 2845 quin

107 2864 226 2919 tantus
244 2846 407 2920 interitus
433 2846 470 2919 in
496 2862 608 2919 morte
633 2844 690 2929 fit,
707 2864 749 2918 ut
765 2871 810 2917 ne
827 2844 978 2917 minima
993 2845 1142 2941 quidem

109 2944 261 3040 suspicio
281 2945 400 3019 sensus
418 2944 647 3043 relinquatur.
698 2944 784 3016 Hoc
802 2942 911 3039 igitur
935 2944 1047 3039 probe
1071 2946 1141 3017 sta·

108 3041 218 3117 bilito
233 3060 267 3117 et
283 3044 373 3130 fixo,
391 3042 482 3119 illud
503 3040 759 3115 excutiendum
784 3042 891 3113 estut
908 3040 1037 3115 sciatur
1053 3042 1144 3139 quid

109 3140 159 3214 fit
173 3166 346 3215 careno
363 3176 373 3229 ;
401 3168 445 3215 ne
472 3142 690 3239 relinquatur
714 3135 850 3236 aliquid
865 3139 991 3212 erroris
1008 3137 1044 3212 in
1060 3167 1143 3215 ver·

109 3243 172 3313 bo.
223 3242 401 3315 clam
430 3238 539 3338 igitur
563 3242 632 3313 hoc
654 3238 847 3337 fignificat,
864 3263 966 3337 egere
984 3263 1027 3312 eo
1043 3242 1144 3336 quod

111 3340 241 3413 habere
257 3339 347 3414 velis
363 3366 373 3414 ε
392 3340 483 3413 inest
498 3340 595 3413 enim
610 3340 703 3414 velle
720 3337 757 3410 in
775 3341 949 3424 carendo;
974 3335 1040 3409 nist
1058 3362 1147 3423 curn
1183 3406 1188 3416 .

153 3566 171 3607 '³
194 3572 261 3647 Ergo
283 3572 362 3629 cuam
386 3592 473 3630 carm
497 3582 604 3631 moneor
653 3571 738 3629 modo
752 3568 800 3627 stra
813 3569 870 3647 lpse
883 3570 999 3629 cedere
1012 3570 1117 3632 vineta.

107 3650 353 3711 mama?
386 3650 462 3730 idque
477 3653 522 3731 effe
535 3650 605 3730 rufi*
695 3651 790 3708 ‘Aut
803 3651 821 3705 st
836 3648 966 3723 comibus]
988 3649 1144 3709 ExEliens.

108 3736 200 3789 mr?
218 3742 284 3791 certe
296 3734 336 3791 ita
350 3731 438 3790 dicant
452 3732 538 3809 nmffl
555 3728 602 3808 est]
653 3732 703 3794 sec.
716 3728 865 3806 legendum
877 3732 923 3808 etst
933 3731 1049 3789 comibus
1058 3758 1067 3802 3
1082 3732 1146 3809 pos⁴

109 3812 208 3889 Vulgo
223 3826 304 3870 notas
324 3815 512 3889 interrogandi
532 3832 604 3889 prae-
653 3814 763 3873 tulante
777 3810 862 3868 seusu.
889 3812 1025 3869 Similiter
1035 3813 1146 3869 Plutar-

109 3896 284 3960 termittunt,
298 3912 369 3969 quaa
386 3894 532 3951 commode
545 3892 606 3970 post
653 3896 731 3951 elrur.
771 3887 901 3970 Κεράτων
919 3892 986 3969 γοῦν
1001 3886 1145 3971 &ereptio

109 3968 260 4031 Erasmum
275 3972 378 4049 adjecit
395 3972 442 4047 ΩΙ.
455 3972 605 4033 Bentleiur.
653 3968 721 4041 e'itlt
741 3968 830 4044 ἐνδεὴς
850 3965 995 4049 ἅνθρωπός
1013 3974 1084 4041 ὲςἾν,
1104 3966 1148 4031 ὅτ(

108 4052 251 4129 Alioquin
274 4056 353 4111 enim
374 4062 497 4111 mortuos
521 4068 608 4117 carere
652 4052 722 4135 μηδὲ
735 4051 816 4126 isira<
829 4046 931 4109 τούτων
945 4055 999 4109 &n
1029 4052 1145 4111 advers.

108 4132 184 4189 vitae
194 4134 356 4201 commodis,
365 4132 487 4209 adeoque
496 4134 607 4211 miseros
654 4135 770 4200 Stolone
786 4142 855 4189 torn.
870 4131 900 4187 ii.
924 4150 989 4209 pag.
1008 4132 1093 4193 1068.
1108 4136 1146 4192 C.

107 4211 165 4270 effe
180 4216 348 4285 „concederet
373 4213 491 4285 Cicero5
522 4224 606 4273 etro
653 4216 695 4274 ed.
712 4212 772 4280 Par.
