2817 4859
453 330 611 396 arnan
640 333 906 436 donnaus.
1129 355 1187 424 ²95

144 515 235 566 cum
260 489 434 590 Epicuro,
461 519 535 567 non
564 496 733 586 multum,
761 511 803 569 ut
836 495 958 594 opinio
991 521 1071 572 mea
1084 533 1086 544 ·
1099 499 1182 592 sent,

142 589 354 666 mentiente.
396 592 486 666 Quis
504 595 555 668 est
571 593 668 667 enim
685 593 749 668 iste
767 619 866 669 amor
881 595 1049 672 amicitiae
1067 599 1079 670 l
1115 623 1181 672 cur

141 715 262 788 neque
280 690 480 766 deformem
495 694 757 766 adolescentem
774 695 961 790 quisquam
974 713 1081 786 amat,
1095 709 1179 770 Pne-

140 814 214 887 que
232 791 429 865 formosum
447 791 593 866 senem?
636 791 738 864 Mihi
755 792 904 890 quidem
922 795 998 866 haee
1017 794 1052 867 in
1070 796 1179 869 Graa-

139 913 270 962 corum
297 890 489 989 gymnasiis
506 909 588 966 nata
604 891 828 965 consuetudo
845 890 1011 980 videtum
1038 892 1076 982 in
1094 895 1178 992 qui·

136 988 292 1162 {misti
317 989 422 1068 liberi
447 1009 485 1064 et
510 991 666 1068 concessi
691 991 772 1064 sunt
788 1015 950 1067 amores:
978 993 1071 1065 bene
1087 1018 1175 1090 ergo

175 1113 297 1176 nnius,

183 1236 315 1326 flagitii
327 1236 521 1327 principium
534 1237 578 1304 est
592 1236 714 1304 nudare
727 1237 812 1313 inter
824 1235 907 1302 cives
922 1257 1055 1324 corpora
1068 1263 1077 1302 a

134 1369 200 1468 qui
224 1388 269 1444 ut
291 1371 491 1469 fint‚·qu0d
516 1370 595 1446 fieri
611 1355 710 1470 posse
728 1372 848 1455 video,
866 1369 1014 1470 pudici;
1043 1369 1174 1454 soliciti

135 1488 259 1543 tamen
286 1490 323 1545 et
351 1471 450 1546 anxii
480 1472 584 1544 sunta
618 1497 734 1568 eoque
760 1471 886 1568 magis,
916 1471 1016 1574 quod
1045 1469 1173 1570 seipsi

134 1569 326 1643 continent
344 1588 380 1644 et
396 1587 575 1644 coercent.
627 1572 751 1682 Atque
768 1587 810 1642 ut
826 1571 1017 1644 muliebres
1034 1594 1172 1644 amores

134 1669 315 1761 omittam,
332 1670 465 1768 quibus
485 1669 656 1747 ma'orem
680 1669 864 1756 licentiam
881 1685 1007 1742 natura
1024 1669 1173 1741 conces·

133 1767 204 1854 fit;
244 1767 327 1866 quia
359 1787 422 1842 aut
455 1770 501 1846 de
527 1695 748 1866 danymcdis
778 1785 882 1866 raptu
909 1765 1050 1840 dubitat
1109 1768 1172 1842 uid

132 1884 254 1964 poetae
279 1867 422 1941 velint?
457 1884 618 1942 autnon
644 1863 1075 1963 intelligit,‘¹quidapud
1128 1891 1170 1940 uq

130 1965 288 2064 ripidem
304 1983 342 2040 et
356 1968 525 2064 loquatur
541 1981 578 2038 et
595 1965 717 2062 cupiat
734 1962 840 2047 Laius
858 1966 871 2037 l
907 1962 997 2061 quid
1014 1962 1171 2062 denique

130 2064 299 2140 homines
325 2064 521 2138 doctiffimi
547 2082 583 2137 et
608 2063 738 2140 summi
764 2063 885 2136 Poetae
903 2065 947 2140 de
965 2063 998 2135 se
1024 2061 1171 2170 lpfis'at

131 2163 354 2240 carminibus
371 2167 477 2247 edant
493 2181 530 2237 et
547 2164 739 2236 cantibus?
768 2160 869 2236 fortis
887 2160 943 2236 vir
959 2159 996 2233 in
1014 2161 1075 2236 sua
1092 2161 1169 2236 Re-¹

129 2265 281 2360 publica
305 2261 484 2360 cognitus,
514 2287 597 2359 quae
623 2263 668 2334 de
696 2261 874 2357 juvenum
899 2284 1017 2333 amore
1044 2259 1172 2338 scribit

129 2363 307 2435 Alcaeus?
335 2387 419 2435 narn
443 2360 680 2436 Anacreontis
704 2359 855 2456 quidem
875 2373 951 2431 tota
976 2357 1090 2456 poefis
1116 2360 1169 2432 es'r

127 2462 313 2547 amatoria,
364 2459 530 2548 Maxime
555 2483 642 2542 reto
668 2457 833 2541 oninium¹
859 2457 1021 2568 flagrasse
1046 2479 1166 2536 amore

166 2719 181 2760 P
198 2705 537 2788 Nequefomoirmscnem]
555 2707 621 2766 Hoc
669 2706 779 2764 Jocasia
792 2705 897 2782 prolem
913 2703 1066 2764 masculam
1081 2703 1165 2766 slrscl·

124 2791 286 2856 facetiffime
309 2799 389 2848 notat
418 2789 560 2860 Lucianua
589 2789 619 2845 in
669 2787 748 2864 piat:
771 2787 846 2862 quod
861 2806 877 2842 a
890 2785 1010 2843 nefanda
1030 2787 1078 2848 ista
1097 2807 1164 2845 arar·

125 2876 225 2934 Amor.
240 2879 311 2928 toni.
326 2871 346 2928 i.
361 2891 390 2947 p.
405 2869 474 2946 890„
670 2861 789 2944 liparia
802 2866 883 2924 distat
898 2885 985 2942 quam
999 2865 1163 2942 longltllme.

164 2959 186 2999 Φ
205 2951 281 3028 Quid
287 2950 361 3030 opud
371 2948 520 3028 Euripidem
537 2961 563 3005 et
581 2947 619 3004 lv-
668 2948 836 3024 Interpretes
857 2946 955 3024 reliqui
977 2965 1012 3002 ne
1029 2944 1085 3024 γρῦ
1097 2949 1162 3023 qui-

122 3045 262 3112 quamrtr
278 3031 366 3110 cupiat
379 3030 478 3104 Laius]
501 3031 551 3087 Pb.
565 3029 619 3086 Be·
666 3028 743 3086 dem.
786 3028 941 3086 Videamus
964 3025 1059 3102 igitur,
1083 3045 1162 3094 ana

123 3113 221 3172 rnaldo
233 3113 343 3169 videtur
352 3111 439 3169 Laius
448 3111 524 3188 apud
534 3109 619 3168 Euri·
667 3110 749 3166 nobis
762 3105 830 3164 solvi
845 3105 925 3184 possit
938 3109 992 3164 boo
1006 3107 1160 3184 problema.

123 3195 220 3272 pidem
232 3193 262 3249 in
273 3190 533 3250 Phoenisliaamorea
543 3209 617 3267 pra·
667 3189 754 3246 Laius
768 3187 956 3264 Chrysippum
971 3185 1063 3246 lilium
1081 3189 1161 3246 Pelo·

122 3274 245 3353 posteros
258 3283 373 3350 optare3
394 3291 446 3342 nec
461 3272 519 3328 alia
538 3287 618 3338 mena
666 3269 712 3346 pla
720 3269 842 3326 ardebat.
865 3269 939 3326 Vide
949 3268 1118 3326 Scholiasten
1129 3271 1159 3326 in

121 3355 159 3412 etl
173 3354 246 3412 aldi
259 3353 380 3430 nepotis.
411 3353 446 3421 In
457 3351 555 3419 animo
567 3353 617 3406 ba·
666 3349 799 3411 Phoeniss.
812 3348 851 3406 vs.
872 3349 956 3424 1748.
978 3359 1005 3405 et
1024 3367 1089 3424 quae
1105 3367 1160 3405 no·

121 3437 245 3504 buerunt
271 3431 402 3500 Pnoenits.
425 3432 464 3492 vs.
493 3444 539 3509 15.
566 3430 615 3487 ubi
664 3438 762 3488 terunt
776 3427 986 3507 lntemreteaad
999 3427 1158 3488 AEtianiv.

124 3516 214 3574 hina
570 3532 573 3537 ⁴
664 3510 706 3570 H.
727 3509 788 3573 xiii.
810 3521 839 3586 5.
870 3510 935 3566 Hoc
958 3517 1156 3586 argumentum

158 3589 277 3664 'fiatur
291 3591 384 3673 laurei
400 3593 503 3661 deidei,
516 3588 618 3667 izaiei
664 3591 820 3667 Chryfippo
834 3588 939 3648 Fabula
952 3588 1082 3647 trablavit
1096 3589 1156 3645 Eu-

202 3664 312 3755 δ’ἅμα
365 3653 373 3674 ’
664 3671 785 3747 τίρὶἀεε,
813 3679 842 3726 et
862 3669 891 3726 in
912 3669 1071 3746 Agathonia
1091 3666 1156 3726 littra

136 3761 140 3766 “
158 3751 278 3816 Παίδων
290 3753 319 3822 ἐς
334 3749 407 3822 osnes
422 3749 543 3834 ἐρσένων
556 3771 613 3810 aar·
663 3751 796 3828 gratiam,
810 3751 829 3807 si
849 3749 992 3808 nonnullis
1004 3747 1153 3806 credimus.

199 3831 309 3894 varlar.
662 3831 722 3890 Adi
741 3832 775 3890 fia
790 3832 910 3901 eundern
924 3828 1085 3898 AElianum,
1103 3827 1154 3889 lib.

121 3919 163 3976 At
173 3937 242 3975 vero
255 3915 378 3993 turpiter
389 3914 416 3973 se
434 3915 568 3973 dederunt
582 3914 613 3978 lri
662 3913 693 3970 ii.
708 3932 770 3990 oap.
783 3929 830 3970 ar.
850 3911 898 3968 Ad
912 3909 982 3966 illud
994 3910 1101 3977 drama,
1110 3930 1154 3968 re-

123 4001 261 4068 Catonea;
282 3997 357 4054 nibil
371 3996 447 4054 enim
463 3996 539 4054 aliud
559 3995 613 4059 hoc
661 3991 773 4072 spexitse
800 3991 946 4058 Nostrum,
972 3989 1093 4060 cursile,
1120 4000 1154 4065 ut

120 4093 187 4158 mtq
196 4077 470 4154 omrinetunnifiut
480 4075 567 4134 Laius
578 4095 612 4135 ox
660 4089 741 4152 puto,
755 4072 803 4131 fiet
816 4071 953 4136 credibile.

695 4171 753 4228 1³4
