2817 4859
288 362 336 433 ῃ
502 352 696 415 obscur.
720 348 1107 413 orsnumrronunr

293 514 383 611 rosta
408 512 529 613 templo
553 512 629 586 alto
649 512 741 595 Orci,
762 510 901 585 Pallida
926 510 985 583 leti
1011 504 1162 583 obnubilo
1180 498 1338 585 terebri}

296 612 400 685 Ioco?
459 616 546 687 Non
579 615 690 709 pudet
723 611 977 710 philosophum
1015 608 1052 681 in
1090 634 1134 680 eo
1166 609 1331 705 gloriari,

295 714 396 808 quod
412 713 490 785 haec
508 736 580 783 non
598 710 734 795 timeat,
752 729 789 783 et
812 713 910 805 quod
936 708 1021 780 falsa
1045 708 1114 779 effe
1140 732 1331 805 cognovea

295 812 372 885 ritl
427 810 563 907 Equo
592 808 745 906 intelligi
773 810 902 905 potest,
933 830 1041 903 quarn
1070 804 1165 877 acuti
1200 822 1332 882 natura

293 908 377 997 sint,
394 908 588 1006 rquoniam
607 908 686 981 haec
702 907 776 980 fine
793 908 954 979 dodtrina
967 903 1137 977 credituri
1154 904 1322 980 fuerunt:

294 1009 505 1105 praeclarum
522 1025 641 1079 autem
668 1005 787 1078 nescio
808 1007 909 1101 quod
932 1003 1050 1101 adepti
1075 1006 1168 1088 sunt,
1186 1004 1251 1099 qui
1268 1006 1333 1077 di·-

296 1104 537 1195 dicerunt,·se,
556 1130 641 1177 cum
659 1124 799 1201 tempus
822 1102 947 1175 mortis
964 1102 1124 1185 veniffet,
1142 1119 1236 1175 totos
1254 1104 1331 1176 efl'e

294 1202 481 1303 perituros.
532 1204 644 1277 Quod
677 1223 719 1275 ut
748 1203 797 1275 ita
821 1202 879 1291 stt,
908 1200 1017 1294 (nihil
1050 1199 1147 1272 enim
1180 1210 1329 1299 pugno)

296 1301 387 1399 quid
421 1304 528 1375 habet
555 1302 619 1375 ista
653 1328 705 1374 res
734 1320 797 1374 aut
823 1299 979 1373 laetabile
1008 1318 1068 1371 aut
1096 1298 1329 1409 gloriosum?

295 1400 378 1474 Nec
404 1420 523 1474 tamen
549 1400 637 1473 mibi
664 1400 743 1471 sane
765 1399 960 1497 quicquam
977 1402 1145 1486 occurrit,
1163 1423 1228 1471 cur
1250 1424 1332 1475 non

294 1498 507 1597 Pythagorae
527 1503 565 1571 fit
582 1518 617 1571 et
635 1498 792 1571 Platonis
809 1522 892 1569 vera
916 1496 1097 1569 sententia.
1149 1496 1203 1569 Ut
1228 1498 1330 1573 enim

295 1598 468 1671 rationem
497 1598 599 1671 Plato
625 1600 760 1669 nullam
787 1598 940 1683 afferret,
960 1594 1058 1689 (vide
1080 1594 1169 1693 quid
1186 1594 1330 1671 homini

293 1695 466 1793 tribuam)
486 1696 558 1793 ipsa
583 1698 794 1769 auctoritate
819 1720 877 1767 me
902 1695 1102 1790 frangeret:
1130 1712 1185 1767 tot
1205 1712 1331 1769 autem

295 1795 450 1869 rationes
475 1796 607 1884 attulit,
624 1813 665 1867 ut
683 1798 774 1867 velle
801 1793 951 1882 caeteris,
968 1791 1035 1866 fibi
1063 1812 1157 1865 certe
1181 1795 1332 1890 perlita*

293 1894 373 1967 fisse
391 1893 563 1967 videatur.
617 1942 622 1949 -

344 1992 471 2064 XXII.
511 1994 581 2064 Sed
620 1989 766 2090 plurimi
805 2008 930 2063 contra
962 1991 1137 2079 nituntur,
1171 1990 1330 2065 animos-

208 2128 215 2145 ·
294 2114 367 2187 que
398 2090 497 2187 quast
529 2090 643 2187 capite
681 2091 866 2163 damnatos
903 2108 1016 2163 morte
1048 2092 1226 2163 multant:
1261 2116 1332 2163 ne-

294 2214 369 2285 que
396 2190 494 2261 aliud
524 2190 576 2261 est
601 2188 810 2286 quicquam,
837 2213 901 2261 cur
922 2186 1145 2261 incredibilis
1167 2188 1223 2261 his
1246 2188 1331 2263 ani-

295 2310 438 2359 morum
479 2286 637 2361 videatur
671 2286 860 2376 aeternitas,
893 2285 958 2359 nist
993 2288 1092 2382 quod
1128 2307 1329 2384 nequeunt,

272 2376 409 2483 ¹qualis
434 2386 573 2459 animus
596 2386 640 2459 fit
655 2410 785 2459 vacans
810 2410 971 2482 corpore,
990 2383 1187 2495 intelligere
1207 2404 1243 2458 et
1261 2412 1327 2460 co-

235 2482 239 2489 “
295 2483 465 2585 gitatione
508 2487 775 2581 comprendere.
802 2523 807 2531 ·
838 2484 949 2559 Quafi
987 2508 1072 2555 vero
1110 2484 1327 2583 intelligant,

294 2582 410 2678 qualis
430 2584 475 2653 fit
500 2581 537 2654 in
564 2582 638 2678 ipso
664 2606 840 2678 corpote;
866 2608 947 2678 quae
974 2582 1225 2671 conformatiO,
1241 2611 1330 2681 quae

209 2712 211 2719 t
290 2678 519 2775 magnitudo,
537 2680 600 2777 qui
618 2682 743 2753 locust
768 2681 864 2769 ut,s1
879 2685 952 2776 jam
968 2681 1109 2777 pofl'ent
1124 2679 1187 2753 ²in
1204 2681 1328 2755 horni-

293 2800 340 2867 ne
363 2776 449 2849 vivo
475 2778 572 2851 cerni
601 2777 722 2851 omnia
745 2802 829 2890 quae
856 2804 952 2853 nunc
979 2781 1077 2853 tedla
1101 2781 1194 2868 sunt,
1221 2783 1327 2855 casu-

294 2876 396 2949 rusne
422 2876 460 2949 in
485 2876 719 2975 conspectum
737 2879 899 2950 videatur
923 2876 1073 2965 animus,
1092 2902 1135 2951 an
1156 2886 1259 2953 'tanta
1283 2882 1329 2955 srt

294 2976 368 3069 ejus
388 2974 540 3049 tenuitas
565 2994 605 3050 ut
631 2974 747 3073 fugiat
766 2976 893 3049 aciem.
943 2976 1037 3049 Haec
1064 2996 1229 3074 reputent
1253 2978 1327 3068 isti,

293 3072 358 3169 qui
375 3092 508 3171 negant
524 3074 684 3149 animum
700 3074 775 3147 fine
792 3098 940 3171 corpore
964 3076 998 3147 se
1024 3074 1222 3172 intelligere
1242 3080 1328 3173 pos-

292 3172 355 3245 se:
391 3168 581 3259 videbunt,
611 3198 722 3270 quem
752 3173 788 3245 in
823 3175 899 3273 ipso
926 3198 1075 3270 corpore
1109 3174 1326 3272 intelligant.

293 3268 395 3341 Mihi
423 3270 570 3367 quidem
595 3290 757 3345 naturam
780 3272 888 3345 animi
906 3271 1072 3360 intuenti,
1091 3275 1206 3345 multo
1225 3274 1325 3347 diffi-

292 3368 395 3440 eilior
413 3368 570 3445 occurrit
587 3368 761 3469 cogitatio
785 3372 971 3469 multoque
997 3370 1191 3463 obscurior,
1208 3374 1327 3469 qualis

290 3598 406 3658 Lethaea
420 3618 484 3657 vero
498 3600 611 3676 legerim
626 3598 663 3659 G.
674 3600 700 3677 J.
712 3598 785 3658 Vos·
872 3608 888 3648 5
907 3599 1051 3658 Quoniam
1068 3600 1183 3677 brcstnc
1193 3600 1323 3675 doc‘lrina]

291 3680 493 3747 stumsecutus,
508 3692 535 3738 et
555 3682 627 3737 hanc
641 3680 704 3737 sane
717 3700 784 3737 con·
832 3679 938 3756 Vulgo,
952 3683 994 3759 qni
1010 3680 1072 3739 ἐπ.
1103 3682 1265 3740 [cilionem
1276 3688 1327 3743 dn·

287 3756 427 3835 jefiluram
439 3770 550 3818 tantum
566 3780 622 3817 non
637 3772 727 3818 ratam
741 3760 783 3817 fa·
833 3776 896 3819 tous
912 3782 996 3837 quam
1009 3762 1120 3837 praestat
1130 3764 1202 3839 Reg.

291 3841 330 3896 cit
340 3840 441 3899 Ellens.
450 3840 502 3897 sec.
513 3842 561 3917 qni
573 3840 673 3897 Lethes
683 3858 785 3916 reprae-
873 3848 886 3876 ¹
899 3842 930 3897 In
940 3842 1035 3899 lomim
1045 3840 1122 3914 viro]
1139 3844 1326 3903 Hancemeu-

290 3918 388 3976 lentat
439 3920 549 3987 Nubila,
570 3940 626 3983 non
652 3919 783 3987 obnubilo,
832 3920 983 3987 dationem,
994 3924 1149 3999 elegantem
1169 3925 1281 3999 prorsus
1298 3938 1328 3983 et

290 3999 359 4055 dant
374 4000 562 4059 Gebhardinni
577 4000 716 4077 nostrique
726 4002 784 4057 Co-
830 4002 1188 4077 necessariamsaguciffimo
1198 4006 1327 4066 Bentleio

291 4078 373 4143 dices,
395 4080 457 4151 (nlfi
476 4084 549 4157 quod
571 4080 643 4157 neg.
665 4080 782 4156 mobile)
829 4084 971 4141 debemur.
998 4084 1103 4161 Vulgo,
1116 4104 1175 4144 one.

291 4158 431 4234 iidemque
444 4158 524 4243 vigila
538 4160 672 4220 nesciunt.
