2817 4859
122 3606 144 3671 l

290 322 331 399 tt
499 288 1106 397 auscumrsnurnrronuu

291 512 389 580 nem,
422 494 619 585 cerebrum,
649 494 816 585 animam,
842 493 977 593 ignem,
1002 494 1140 590 vulgo:
1184 489 1326 589 reliqua

291 596 366 667 fere
390 593 543 691 finguli:
578 594 636 667 iut
662 593 767 666 multi
791 611 872 666 ante
897 611 1044 681 veteres,
1070 589 1230 688 proxime
1256 616 1326 661 an-b

291 710 366 765 tem
383 691 616 765 Aristoxenus
635 692 812 783 Muficus,
827 691 993 788 idemque
1006 690 1251 789 philosophus,
1265 688 1326 785 ip·

293 790 363 865 fius
379 790 565 888 kcorporis
585 790 820 865 intentionem
846 794 1037 888 quandam,
1059 791 1158 861 velut
1174 787 1211 861 in
1235 813 1325 861 can·

291 906 335 963 tu
351 906 387 963 et
402 889 549 976 fidibus,
566 916 646 987 quae
664 889 846 963 harmonia
860 888 1015 962 diciturt
1034 888 1083 959 fic
1101 912 1147 961 ex
1163 884 1325 982 corporis

291 987 402 1061 totius
418 1006 554 1077 natura,
572 988 645 1060 etfi
676 1014 750 1078 ura,
763 988 878 1061 varios
894 1005 1012 1061 motus
1029 985 1127 1075 cieri,
1150 1003 1325 1083 tanquam

290 1086 330 1161 in·
343 1105 451 1161 cantu
464 1088 579 1161 sonos.
629 1015 703 1159 liic
722 1090 766 1160 ab
779 1086 933 1161 artificio
950 1086 1012 1159 suo
1029 1110 1102 1157 non
1119 1084 1269 1172 receffit,
1287 1101 1327 1155 et

193 1276 198 1285 f
291 1202 411 1259 tamen
436 1185 530 1259 dixit
555 1186 704 1285 aliquid,
729 1188 828 1283 quod
851 1185 964 1283 ipsum
992 1184 1096 1281 quale
1123 1184 1221 1267 effer,
1247 1199 1326 1253 erat

291 1285 408 1357 multo
433 1303 513 1357 ante
540 1301 576 1357 et
601 1284 754 1374 diuum,
777 1304 814 1356 et
834 1286 1073 1381 explanatum,
1096 1281 1136 1354 ¹a
1161 1282 1324 1354 Platone.

291 1382 512 1459 Xenocrates
528 1382 636 1456 animi
655 1382 810 1482 figuram
825 1396 851 1429 “¹
862 1402 897 1455 et
913 1382 1012 1479 quafi
1028 1406 1154 1479 corpus
1177 1377 1324 1477 negarit

332 1632 339 1670 ¹
363 1632 397 1692 Ut
411 1632 494 1693 multi
514 1638 691 1702 antevolans,
700 1644 780 1711 pron·
829 1631 905 1709 seqq.
938 1632 980 1689 Ea
1000 1642 1094 1689 tamen
1108 1631 1217 1689 Gaiano
1230 1631 1352 1707 piace«,

290 1714 450 1788 ineuntem]
473 1714 567 1791 Vulgo
588 1715 699 1791 plenam
721 1712 781 1789 post
829 1714 886 1771 bat.
916 1712 988 1769 Vide
999 1714 1133 1769 Isidorum
1146 1712 1324 1780 Pelufiotam,

290 1810 388 1853 vcrcrcs
420 1807 531 1871 ponunt
564 1794 780 1851 distintiionem.
829 1793 879 1850 lib.
895 1792 932 1849 iv.
950 1793 1036 1869 Epist.
1056 1807 1120 1870 125.

290 1876 447 1952 Perpetem,
463 1875 552 1933 utel.
564 1874 705 1933 Bentleius
719 1892 780 1931 mo·
870 1872 878 1908 ¹
898 1876 925 1929 A
939 1870 1062 1947 Platone]
1078 1875 1113 1930 In
1123 1874 1244 1941 Timaeo,
1255 1893 1324 1949 pag.

289 1956 365 2014 nuit.
831 1954 900 2030 528.
920 1954 963 2011 ed.
984 1954 1077 2029 Lugd.
1105 1954 1178 2023 Vide
1201 1963 1228 2010 et
1242 1954 1326 2011 Pnae-

329 2032 482 2115 *Corporis
511 2034 681 2109 intencionem]
728 2030 783 2091 Τοῦ
831 2036 944 2103 donem,
958 2055 987 2110 p.
1003 2034 1072 2107 388.

289 2112 422 2195 σώματος
436 2112 572 2183 inicum,
587 2136 643 2173 non
663 2114 739 2171 enim
753 2134 782 2171 e·
872 2122 893 2150 ¹¹
914 2115 951 2170 Ec
964 2116 1039 2192 quast
1048 2130 1135 2192 corpus
1146 2115 1254 2191 negavit
1266 2114 1325 2194 effic,

288 2194 784 2273 rat,curP.Manutiusdepostremae
832 2207 928 2250 verum
951 2214 1081 2251 numerum
1101 2194 1170 2253 dixit
1188 2194 1248 2274 effe]
1280 2197 1327 2253 Si·

288 2276 366 2334 vocis
377 2276 537 2355 integritate
545 2276 693 2335 dubitaret.
720 2275 782 2332 Pla·
833 2274 910 2349 gonii
924 2274 993 2331 liber
1005 2274 1223 2350 repraesentabat,
1234 2294 1326 2353 corpus

288 2364 320 2414 to
330 2357 359 2413 in
369 2356 499 2415 Phaedon.
511 2376 539 2433 p.
550 2356 620 2431 388.
634 2358 676 2413 ed.
688 2355 782 2431 Lugd.
832 2354 941 2430 negavit
952 2354 997 2433 cffl
1008 2356 1111 2422 ullum,
1124 2375 1220 2413 verum
1235 2376 1325 2413 nume*

289 2432 377 2517 Οἶμαι
390 2434 485 2517 ἔγωγε
498 2434 639 2495 naiotico'n
655 2458 687 2493 σε
701 2432 781 2493 τοῦτο
831 2454 889 2491 run
902 2432 1037 2512 dizitff.
1077 2436 1123 2493 Sic
1144 2436 1230 2493 etiam
1244 2437 1325 2496 Mod.

287 2516 509 2611 ἐντεθυμῆσθαι,
524 2512 563 2577 ὅτε
579 2514 670 2574 τοιέτὸ
684 2536 710 2573 τι
724 2509 783 2593 μοί·
831 2524 859 2571 et
868 2514 969 2571 Eliens.
981 2516 1032 2571 sec.
1046 2534 1097 2592 pro
1107 2516 1184 2574 varia
1194 2516 1325 2585 letiione,

288 2606 365 2658 λιςα
378 2593 611 2675 υπολαμῧάνομεν
624 2591 672 2669 τὴν
683 2589 782 2672 ψυχὴν
831 2595 959 2651 necabit
978 2596 1049 2653 Bak.
1071 2596 1122 2653 nist
1143 2598 1219 2673 quod
1237 2596 1323 2668 illurn,

288 2670 369 2743 einai,
382 2668 473 2767 &cnop
493 2672 658 2753 ἐντεταμὲνε
672 2674 710 2733 nu*
725 2670 782 2729 coi-
831 2692 887 2730 non
922 2674 1013 2740 ullum,
1048 2678 1187 2734 exhibeat.
1242 2676 1325 2736 Hine

334 2772 380 2822 τος
402 2748 489 2835 ἡμων.
512 2754 685 2822 Lattantiua,
709 2753 780 2813 Div.
830 2753 943 2812 Paullus
960 2754 1110 2814 Manutius
1129 2757 1249 2835 reponit,
1268 2778 1326 2816 cor·

305 2836 356 2893 nst.
371 2834 420 2893 vii.
439 2852 484 2909 13.
518 2834 590 2911 Quid
608 2834 781 2909 Aristoxenus,
824 2848 876 2911 pus
889 2836 997 2912 negavit
1012 2836 1059 2915 effe
1077 2838 1178 2906 ullum,
1191 2855 1325 2897 numm

184 2978 187 2987 ‚
286 2916 559 2995 quinegavitomnino
572 2914 652 2973 ullam
666 2914 781 2994 cffiana'·
829 2912 898 2971 dixit
917 2916 971 2995 effe,
993 2917 1090 2973 vocula
1113 2929 1212 2976 contra
1238 2918 1324 2978 fidem

276 3016 368 3063 mam,
377 2998 454 3053 etium
467 3017 523 3053 curn
534 2996 605 3053 vivit
618 2996 645 3053 in
656 3000 780 3073 corpore?
829 2995 957 3053 codicum
972 2997 1070 3055 deleta.
1095 3000 1165 3075 neg.
1177 2999 1324 3076 vulgatam

289 3072 346 3133 Sed
348 3077 419 3153 ficut
433 3078 461 3132 in
465 3075 568 3147 fidibus
581 3096 614 3133 nc
626 3077 781 3135 intentione
830 3074 978 3134 teutonem
991 3076 1095 3147 firmat,
1109 3099 1174 3155 quae
1188 3080 1261 3137 mihi
1279 3080 1326 3138 ri·

286 3172 425 3214 nervorum
442 3154 506 3231 effici
522 3155 663 3213 concordem
676 3157 780 3233 sonum,
829 3156 1077 3216 detur-retinenda.
1098 3160 1175 3217 Cum
1190 3179 1255 3217 vero
1265 3162 1324 3219 Xe-

290 3240 343 3293 &c.
377 3236 457 3293 Idem
476 3238 510 3294 de
531 3234 612 3313 Opis.
631 3237 697 3305 Dei,
717 3255 780 3315 cap.
829 3245 954 3293 nocratea
980 3239 1108 3295 animum
1134 3259 1266 3298 numerum
1291 3244 1327 3319 se

288 3317 348 3374 xvi.
389 3317 485 3393 Mnstci
506 3315 572 3374 enim
595 3317 780 3375 intentionem
829 3315 1105 3398 moventemoiprupir
1115 3318 1212 3379 ἑαυτὸν
1221 3320 1326 3378 κινοῦν-

288 3406 479 3475 concentumque
505 3414 639 3455 neruorum
665 3398 693 3454 in
715 3397 781 3455 inte·
828 3414 877 3462 τα,
887 3398 999 3465 dixerit,
1007 3400 1051 3455 uti
1063 3399 1199 3458 testantur
1208 3402 1325 3460 Macro·

283 3497 348 3559 gros
361 3476 508 3555 modosstne
517 3478 574 3535 ulla
585 3476 713 3554 offensam
721 3498 780 3535 con·
828 3477 892 3535 biua
912 3479 942 3534 in
963 3479 1060 3538 Somn.
1074 3480 1147 3556 Scip.
1161 3481 1209 3537 lib.
1225 3483 1245 3538 i.
1259 3502 1324 3561 cap

279 3554 429 3637 finontium
439 3556 596 3615 harmoniam
605 3572 709 3617 vocant.
734 3558 781 3617 Vo·
833 3574 880 3631 14.
901 3558 1101 3628 Theodoretua,
1112 3562 1199 3619 Ther.
1214 3582 1242 3619 v.
1256 3572 1324 3641 pag'.

288 3637 347 3696 lunt
361 3638 443 3715 igitur
460 3638 573 3695 animum
584 3638 667 3715 finili
686 3638 782 3697 rationo
831 3650 880 3714 72.
894 3640 937 3696 ed.
952 3640 1036 3699 Com.
1050 3641 1207 3709 Nemesrua,
1224 3643 1266 3699 N.
1281 3644 1324 3701 H.

287 3719 398 3795 constare
424 3718 452 3775 in
478 3716 584 3787 hmine,
607 3738 658 3795 qua
685 3739 781 3777 concors
830 3734 895 3793 pag.
918 3730 968 3794 70.
992 3722 1035 3779 ed.
1060 3720 1156 3781 Oxon.
1176 3734 1204 3780 et
1224 3721 1327 3781 auttor

288 3798 426 3857 modulatio
437 3800 533 3875 constat
546 3796 687 3869 infidibus.
721 3800 781 3857 Va·
830 3799 977 3857 celebrium
1003 3802 1038 3858 de
1065 3803 1166 3860 Anim.
1189 3802 1281 3879 Opin.
1308 3825 1328 3861 a

287 3878 366 3937 leant
385 3879 474 3955 igitur
496 3878 527 3945 ii,
551 3879 602 3953 qui
622 3878 782 3937 inanitionem
829 3878 912 3954 Joan.
936 3878 1043 3938 Tarino
1070 3882 1171 3950 editus,
1196 3902 1225 3959 p.
1250 3884 1326 3960 652.

289 3959 335 4015 hic
348 3959 398 4016 effe
411 3959 597 4036 reponendam
617 3958 780 4019 statuerunt.
829 3960 872 4017 ed.
887 3960 947 4015 Par.
962 3962 1135 4036 quodetiam
1149 3962 1252 4019 Noster
1269 3965 1328 4021 hoc

289 4036 376 4095 Hanc
397 4050 491 4097 autem
512 4038 673 4115 opinionem
700 4040 781 4097 refel·
830 4039 860 4096 in
880 4037 942 4097 loco
961 4040 1109 4099 confirmat
1120 4065 1130 4112 3
1151 4042 1259 4101 mirum
1279 4046 1327 4100 vi·

288 4116 353 4175 lunt
366 4117 572 4177 Aristoteieade
586 4120 686 4178 Anim.
696 4120 746 4177 lib.
758 4119 778 4177 i.
829 4119 889 4176 deri
916 4120 1011 4195 poffet,
1030 4138 1080 4178 cur
1104 4123 1193 4180 Acad.
1218 4124 1248 4181 ii.
1269 4142 1325 4200 39.

289 4216 353 4277 cap.
367 4216 396 4275 4.
421 4208 449 4258 et
471 4200 626 4275 Lucretius,
647 4200 688 4260 iii.
713 4214 782 4280 107.
829 4218 882 4281 pro
911 4200 1075 4263 Xcmeraua
1097 4200 1234 4262 sententia
1259 4206 1327 4261 ani·

1240 4302 1326 4344 mum
