2817 4859
334 391 340 448 Ϊ
413 395 574 460 mann
600 395 845 462 ruerus.
883 408 887 415 ’
934 407 942 420 ’
1086 401 1141 474 ι83

104 549 272 658 propter¹
288 557 472 632 avaritiam
503 561 596 632 elam
628 560 831 658 depofitum
862 583 937 634 non
969 557 1139 648 reddidit,

105 661 209 756 quod
233 659 286 731 est
311 657 517 754 injustitiae,
544 683 610 732 nec
641 661 705 756 qui
730 677 878 758 propter
901 658 1146 736 temeritatem.

105 760 201 830 mele
218 781 295 831 rem
320 757 435 856 gellii,
452 761 552 854 quod
577 758 629 832 est
655 758 828 846 stultitiae,
844 758 949 856 fingi
968 757 1136 854 appelliri

104 855 198 929 solet
212 888 222 942 ;
250 879 294 930 eo
310 875 379 930 tter
395 856 556 942 virtuter,
573 855 834 946 fortitudinem,
846 855 1031 949 justitiam,
1048 881 1136 952 pm-

104 955 279 1046 deiitiam,
297 954 479 1054 frugalitas
504 959 693 1054 complexa
715 957 779 1030 est.
830 955 906 1029 Etfi
929 956 1028 1028 thoe
1053 953 1134 1052 qui·

103 1057 189 1127 dem
215 1073 407 1128 commune
428 1057 479 1128 est
494 1055 694 1142 virtutumi
721 1079 844 1128 omnes
868 1054 965 1128 enim
989 1052 1083 1128 inter
1099 1053 1135 1128 se

103 1175 207 1226 neree
224 1171 262 1226 et
272 1155 408 1252 jugetae
424 1155 515 1228 sunt.
559 1154 783 1252 'Reliquum
800 1151 910 1250 igitur
925 1155 992 1238 est,
1008 1170 1135 1250 quarta

101 1253 215 1326 virtus
232 1271 273 1326 ut
296 1254 341 1325 fit
357 1253 430 1353 ipsa
447 1253 671 1351 Frugalitasa
698 1255 773 1350 ejus
787 1251 884 1326 enim
901 1251 1041 1326 ridetur
1063 1251 1135 1326 effe

101 1351 302 1450 proprium,
320 1369 438 1426 motui
461 1351 569 1425 animi
595 1351 792 1450 appetentia
810 1374 931 1448 regere
946 1369 983 1424 et
1000 1349 1131 1441 sedare,

103 1451 312 1549 semperque
327 1451 570 1524 adversantem
586 1450 744 1537 libidini,
762 1451 981 1523 moderatam
998 1448 1035 1524 in
1052 1475 1133 1524 om*

103 1549 141 1622 ni
167 1575 205 1622 re
231 1551 364 1624 servare
388 1549 648 1635 constantiam3
676 1549 736 1624 cui
760 1548 978 1624 contrarium
1002 1548 1137 1626 vitium

103 1647 279 1746 Nequitia
301 1647 443 1724 dicitur.
494 1647 706 1748 Frugalitas,
735 1667 777 1722 ut
802 1648 943 1748 opinor,
974 1674 996 1721 a
1010 1649 1132 1748 sirige,

9 1783 11 1788 ·
101 1773 173 1846 qua
189 1748 280 1822 nihil
306 1747 433 1822 melius
461 1767 614 1822 eterra:
641 1747 812 1849 ⁸nequitia
830 1749 875 1821 ab
893 1771 936 1820 eo
961 1747 1041 1842 (etsi
1065 1747 1132 1822 erit

140 1987 154 2029 ⁸
176 1981 236 2040 Hac
258 1969 499 2060 quidem-{igme
513 1979 591 2058 sant]
642 1981 695 2039 Sed
709 1979 794 2039 nimis
805 1977 987 2058 interpolatur
998 1978 1036 2037 est
1051 1978 1131 2038 iseo·

101 2061 198 2120 Habet
211 2061 326 2121 Nonius
341 2063 369 2120 in
376 2064 512 2139 jugatum.
640 2063 693 2120 dex
708 2081 794 2139 quam
806 2072 839 2119 ut
852 2061 878 2118 ei
892 2059 942 2118 soli
953 2070 1016 2118 tuto
1035 2061 1131 2119 creda·

139 2151 149 2178 ³
172 2143 328 2220 Reliquum
342 2145 424 2220 igitar
436 2144 484 2211 est,
497 2157 593 2220 quarta
641 2153 696 2202 tur.

99 2221 188 2280 virtut
196 2223 329 2302 atsttipsa
343 2223 503 2300 Frugalirar]
520 2223 590 2282 Vul-
679 2231 690 2260 ⁸
712 2222 838 2300 Nequitia
848 2221 886 2280 ab
896 2223 1007 2282 eo-ab
1018 2241 1052 2280 eo
1063 2220 1133 2301 quad

98 2322 147 2378 go,
161 2303 270 2380 reliqua
282 2304 363 2382 igitur
379 2315 406 2362 et
419 2319 516 2384 quarta
532 2305 590 2362 vir-
640 2323 690 2362 nec
703 2304 857 2379 quicquam
870 2303 904 2378 ⁶st
916 2303 944 2360 iii
957 2301 1130 2378 rutiliani]

98 2395 143 2438 tar
164 2397 195 2440 rit
206 2385 246 2462 fit
266 2385 317 2462 ipſsa
325 2385 496 2522 frugalium
519 2387 590 2442 unde
638 2383 700 2441 Alii
714 2383 900 2461 nequicquam.
934 2382 1033 2449 Varro,
1048 2383 1081 2440 L.
1092 2383 1129 2442 L.

100 2463 178 2521 inihi
198 2464 329 2540 placebat,
349 2466 487 2543 reiqnum
509 2465 591 2542 igitur
638 2463 686 2522 lib.
702 2463 743 2522 ia.
765 2469 792 2536 t.
810 2479 839 2540 5.
876 2463 923 2520 Ere
944 2482 980 2520 ne
999 2473 1027 2520 rt
1045 2461 1131 2539 quid·

98 2544 149 2610 ell,
162 2546 444 2624 qraertuoirtiiiiitstt
457 2545 511 2624 ipsa
520 2541 590 2621 frui
638 2541 833 2620 qmmmedia
849 2542 947 2602 mrito
956 2542 1129 2620 ffllabano·

96 2624 206 2699 galitas.
221 2627 395 2702 quodetiam
410 2627 508 2703 recepi.
549 2627 589 2684 Ε·
636 2629 724 2684 attin
748 2625 783 2698 ist
808 2643 942 2700 nequam.
982 2625 1076 2703 Itaque
1097 2635 1129 2681 at

101 2703 176 2762 liens.
190 2705 240 2766 sec.
255 2709 339 2764 habet
353 2706 515 2785 relinquam
533 2719 588 2763 tuiti
635 2723 781 2783 ampriani
794 2717 918 2783 putum
936 2703 982 2784 effi
1000 2723 1058 2764 non
1076 2704 1129 2763 hili

101 2795 235 2864 utquarta
247 2788 338 2844 virui
346 2789 387 2862 fit
402 2786 456 2866 ipsa
465 2785 590 2864 fiugali·
635 2784 852 2850 dcimiinibilii
862 2785 1128 2864 striiiqriopiitariui
1221 2834 1224 2838 1

102 2878 153 2925 tar.
193 2868 261 2945 legi
284 2867 363 2945 poffit
383 2867 543 2946 relinquitur,
559 2879 589 2925 ut
635 2865 681 2942 effi
708 2879 924 2924 ueaurnatrart
947 2863 1055 2922 dicimur
1078 2885 1128 2922 ne·
1206 2936 1209 2943 μ

101 2959 195 3022 quarta
206 2950 294 3007 virttis
304 2949 346 3023 fit
360 2949 414 3026 ipsa
423 2947 587 3024 frugalitas,
636 2965 733 3022 qnam.
756 2945 920 3021 ,Sedparri
934 2945 1026 3004 refert.
1060 2945 1126 3004 Hoc

102 3031 175 3100 quod
189 3031 221 3086 ad
239 3030 440 3106 plerorumque
459 3027 585 3086 codicum
636 3025 726 3103 igitur
743 3025 832 3092 mitio,
850 3025 968 3101 vulgata
988 3024 1070 3084 tettio
1086 3027 1126 3084 est

101 3105 241 3167 leellooem
259 3119 373 3166 tentum
395 3125 451 3166 tion
471 3107 586 3177 aceedit,
635 3107 750 3173 tuenda,
767 3125 855 3184 qaam
871 3119 976 3164 temere
994 3105 1126 3166 tollicita·

100 3199 127 3243 et
144 3190 299 3248 latiniffime
320 3189 443 3246 diciturr
479 3191 586 3257 Cicero,
634 3186 676 3244 uit
697 3189 726 3244 P.
741 3187 900 3245 Manntini.
935 3188 1023 3247 Quod
1045 3207 1124 3246 vocer

102 3266 158 3326 Fm.
172 3271 219 3328 lib,
234 3271 276 3328 iii.
291 3289 316 3328 c.
332 3285 362 3345 9.
406 3268 555 3345 Circumsiri
573 3299 586 3314 ·
633 3266 669 3326 ab
687 3287 714 3324 eo
733 3268 922 3345 geminentur,
940 3269 1056 3326 alteram
1082 3271 1125 3326 bin

101 3347 132 3404 tir
143 3349 221 3428 igitar
233 3349 416 3429 iisserteiitiir,
431 3367 495 3429 qaas
503 3365 538 3428 pa
548 3351 585 3418 iii,
633 3365 700 3424 gam
725 3349 876 3406 tollendam
899 3349 991 3408 censet
1010 3351 1055 3407 rir
1075 3351 1122 3407 ille

101 3431 154 3504 rifi
164 3451 221 3510 pie
229 3431 330 3508 finiti
343 3449 430 3487 aaran
438 3431 515 3508 sunt,
532 3449 584 3488 ne·
632 3428 812 3487 dottiffimoa.
858 3431 910 3496 At,
933 3431 963 3488 in
999 3429 1124 3507 longiore

102 3525 289 3580 attention,
302 3525 333 3566 ut
342 3511 473 3586 sirinnan
494 3509 584 3568 bonurn
633 3512 782 3568 verborum
794 3508 894 3575 dotto,
909 3511 952 3566 vel
973 3513 1122 3586 praeterita,

90 3589 138 3662 fit,
154 3593 252 3659 vinna
266 3591 404 3668 scientiam
424 3589 583 3649 adhibentem
632 3590 674 3648 vel
692 3607 789 3647 mm
815 3587 905 3646 l‘ensua
928 3591 1024 3648 crebro
1045 3608 1122 3668 repe·

101 3673 149 3736 &a
182 3673 337 3736 Lucretius,
350 3691 378 3728 r.
394 3685 461 3748 793.
633 3681 743 3728 tuntut.
780 3669 879 3747 Cesar,
902 3669 951 3728 lib.
971 3669 1013 3729 iii.
1034 3672 1069 3730 Β.
1082 3671 1121 3728 G.

137 3751 297 3828 linquitur,
325 3761 356 3808 ut
377 3751 464 3809 marita
486 3763 582 3809 mater·
632 3767 693 3828 cap.
718 3767 767 3822 ²3·
813 3750 1050 3819 Adeantnannur,
1076 3752 1122 3828 qui

173 3831 435 3909 aunnamrnadipte
621 3829 1120 3908 fiumimpiriitnrabet,cnmoo.

140 3904 258 3990 Toraſst
271 3939 394 3958 ---
630 3911 842 3969 divitia-carn
854 3911 889 3969 iii
898 3913 1121 3970 adamanus

97 3987 192 4056 Virro,
206 3994 241 4051 lt.
256 3994 294 4054 lt.
317 3993 366 4050 lib.
382 3993 402 4050 i.
422 4013 448 4050 e.
484 4037 490 4049 .
524 3993 580 4050 Re.-
628 4007 673 4049 ira
705 3993 711 4005 '
782 3992 999 4066 foenerarentur.
1020 3991 1122 4050 Noster

96 4065 238 4142 linquitur,
247 4087 308 4152 quot
313 4011 581 4152 panerudjiipliiia
630 4005 797 4148 inmp.
812 4071 862 4128 28.
902 4069 974 4146 Ergo
996 4069 1035 4141 id,
1054 4073 1125 4150 quad

95 4145 189 4226 debeat
209 4165 237 4209 iit
252 4155 294 4230 fit
319 4151 468 4210 videndam,
508 4155 580 4212 Vide
629 4153 675 4210 asti
688 4156 783 4210 retium
795 4152 925 4228 opinanter
937 4151 1088 4228 egritudini
1089 4155 1123 4230 st

96 4227 132 4285 tii
145 4240 241 4314 etetp.
257 4234 302 4293 16.
316 4251 349 4292 ae
364 4234 413 4294 lib.
428 4233 534 4312 iimp.
551 4253 579 4294 a.
619 4233 704 4312 filant
717 4231 816 4302 didere,
829 4232 859 4289 id
871 4231 900 4288 bi
917 4245 991 4311 turpe
998 4247 1121 4314 putenm

667 4332 685 4371 tt
701 4334 721 4390 4
1041 4315 1123 4392 ,regri-
