2817 4859
265 410 306 473 8·
468 410 659 473 Tuscua.
683 405 1074 471 DISPUTATIONUM
1099 481 1101 484 ⁸

266 566 442 657 dedimus,
468 586 511 644 ut
534 572 610 668 jam
636 568 744 645 etiam
767 570 929 644 zscholas
956 572 1170 646 Graecorum
1195 585 1297 643 more

265 672 396 745 habere
422 672 655 745 auderemus:
682 686 724 744 ut
749 694 862 769 nuper
885 690 991 744 tuum
1011 670 1091 769 post
1107 668 1300 742 discelsum

267 771 304 843 in
328 770 546 860 Tusculano,
564 794 649 842 cum
671 770 783 843 essent
808 769 1008 868 complures
1025 793 1166 843 mecum
1192 765 1302 840 fami-

267 868 382 955 liares,
399 868 547 954 tentavi,
566 868 655 965 quid
672 868 708 942 in
725 894 769 941 eo
786 892 914 966 genere
930 869 1069 966 poffim.
1121 868 1177 940 Ut
1201 864 1303 939 enim

267 986 371 1041 antea
391 968 663 1050 declamitabam
690 968 821 1058 causas,
848 971 975 1065 aquod
1000 993 1107 1040 nemo
1131 990 1188 1038 me
1215 965 1304 1038 diu·

267 1066 339 1140 tius
357 1067 468 1141 fecitr
495 1067 544 1139 fic
572 1066 650 1139 haec
675 1067 765 1139 mihi
790 1090 887 1139 nunc
912 1065 1028 1139 senilis
1045 1068 1097 1139 est
1121 1068 1306 1137 declama·

268 1165 333 1240 tio.
385 1165 521 1239 Ponere'
541 1168 726 1263 jubebam,
753 1167 798 1238 de
823 1190 897 1262 quo
921 1166 1001 1262 quis
1026 1164 1147 1237 audire
1163 1166 1304 1237 vellete

270 1268 315 1337 ad
334 1265 371 1338 id
389 1282 450 1337 aut
468 1266 589 1339 sedens
607 1282 668 1337 aut
684 1267 869 1339 ambulans
887 1264 1123 1376 disputabam.
1175 1264 1305 1361 ltaque

270 1364 412 1437 dierum
432 1364 593 1462 quinque
605 1363 751 1458 scholas,
768 1381 810 1437 ut
827 1365 949 1436 Graecr
966 1365 1157 1460 appellant,
1174 1361 1211 1435 in
1227 1382 1309 1435 tot-

269 1464 365 1537 idem
392 1463 502 1537 libros
527 1466 676 1537 contuli.
729 1461 856 1536 Fiebat
872 1480 992 1535 autem
1009 1460 1070 1547 ita,
1088 1479 1140 1549 ut,
1158 1486 1243 1535 cum
1260 1462 1307 1545 is,

270 1560 334 1659 qui
353 1564 481 1636 'audire
499 1565 617 1651 vellet,
635 1562 790 1651 dixisset,
807 1560 896 1659 quid
921 1561 989 1633 fibi
1007 1559 1198 1649 videretur,
1223 1579 1311 1635 tum

271 1684 340 1761 ego
357 1678 482 1735 contra
507 1663 674 1737 dicerem.
725 1662 820 1734 Haec
845 1661 897 1731 est
921 1661 1029 1743 enim,
1047 1678 1089 1731 ur
1105 1660 1183 1748 scis,
1200 1678 1308 1731 vetus

272 1779 309 1837 et
334 1760 515 1837 Socratica
540 1760 629 1835 ratio
654 1777 779 1835 contra
802 1759 943 1833 alterius
967 1759 1175 1857 opinionem
1196 1758 1311 1831 dille-

271 2010 387 2068 demum
415 2020 483 2069 noto
509 2012 640 2089 loquendi
668 2030 766 2089 genere
814 2010 920 2067 Schola
943 2008 1009 2087 fimi
1040 2006 1072 2067 do
1098 2010 1314 2086 ofilio—Hac

271 2089 384 2149 Tullius
396 2091 435 2148 est
448 2091 524 2152 usus.
555 2092 662 2151 Omnes
672 2106 766 2151 tamen
817 2091 903 2148 Graeci
923 2091 949 2146 in
959 2090 1081 2167 fingulas
1100 2090 1213 2159 scholas,
1233 2104 1258 2148 et
1280 2092 1312 2147 in

273 2170 357 2228 nostri
389 2170 469 2229 istam
497 2192 591 2229 vocem
621 2172 768 2249 repraesen·
806 2170 924 2249 jugulos
937 2168 1013 2227 libros
1026 2170 1182 2250 dispertiunt.
1223 2172 1262 2228 Et
1273 2172 1313 2228 de

274 2260 356 2319 tanr;
372 2270 431 2323 nec,
445 2262 478 2310 ut
488 2254 605 2319 videtur,
618 2253 768 2319 immerito.
816 2251 880 2310 Fin.
894 2250 925 2307 li.
942 2269 967 2307 1.
1001 2250 1044 2309 No
1063 2263 1235 2331 metanqm
1246 2251 1312 2327 phi-

251 2344 255 2356 ·
275 2330 729 2401 ouinuiliams,1nst.orat.xii.
740 2350 769 2391 a.
816 2329 938 2409 Iffopbun
947 2331 1044 2408 puteas
1060 2331 1180 2390 scholam
1192 2332 1313 2410 aliquane

203 2476 208 2485 ¹
276 2412 562 2491 samariamque
575 2413 663 2490 instrui
679 2414 769 2483 abili,
816 2410 890 2469 vobis
902 2410 1096 2489 esplioaturunr.
1125 2412 1314 2491 Augrrstinus,

275 2492 319 2569 qo·
339 2492 402 2569 plue
421 2494 517 2551 inboc
531 2494 770 2563 studiidedenmt,
818 2492 854 2550 C.
868 2492 906 2548 D.
921 2492 971 2548 lib.
982 2492 1013 2550 ii.
1034 2512 1097 2571 cap.
1112 2507 1139 2569 7.
1179 2494 1314 2571 Auferte

275 2576 395 2647 ηννιννέ
425 2573 453 2629 Sl
477 2572 546 2647 quid
567 2571 632 2629 esset
654 2592 769 2630 moven·
818 2570 897 2637 nobis,
913 2569 1113 2649 Philosophorum
1133 2572 1238 2631 scholas
1260 2572 1316 2650 dis-

276 2650 356 2718 dum,
380 2651 456 2707 sacili
474 2648 632 2727 conjeuura
655 2671 771 2730 repone·
813 2650 1003 2730 potationesque
1023 2653 1223 2711 memorabunt?
1265 2655 1316 2712 sie
1377 2694 1381 2705 -

249 2728 253 2735 '
278 2748 349 2797 rem,
368 2730 396 2786 in
416 2750 494 2809 quam
513 2731 712 2791 concitationem
732 2733 772 2789 ita
818 2726 868 2805 τὴν
889 2729 1037 2809 γενομένην
1064 2738 1224 2792 ΣΧΟΛΗΝ
1249 2734 1315 2813 ‘rapi

278 2830 321 2867 nas
340 2808 461 2889 'studiose
491 2828 590 2889 operam
633 2813 773 2890 impendi·
818 2810 856 2869 rii
873 2805 968 2870 άκᾶενν
982 2824 1119 2875 memorat
1137 2814 1316 2886 Plutarchus,

280 2908 354 2952 mus.
403 2890 533 2962 Ovidius,
562 2893 682 2952 Metam.
711 2892 772 2953 xiii.
821 2901 891 2951 tom.
907 2892 937 2951 ii.
951 2913 980 2970 p.
993 2906 1042 2970 37.
1082 2894 1316 2954 VidefisetAr·

282 2970 350 3029 266.
821 2972 944 3041 rianum,
959 2974 1053 3049 apin.
1074 2974 1124 3034 lib.
1141 2975 1181 3035 it.
1202 2994 1266 3052 cap.
1282 2995 1317 3054 9.

321 3075 440 3211 Atinibil
449 3078 590 3169 impendit
604 3094 652 3159 ptr
664 3090 701 3139 tot
724 3080 774 3140 Te·
821 3073 851 3190 Ξ·
864 3070 935 3191 2354·
948 3061 977 3111 ‘l
988 3054 1145 3132 Di⁰sse¹¹⁶m
1168 3057 1317 3115 Lamum

371 3175 482 3215 amonius
494 3178 575 3217 annos
747 3208 751 3213 ,
844 3176 851 3193 ·
907 3177 914 3190 ·

324 3235 714 3316 &uidisse-
822 3222 876 3367 ...ἱ
893 3214 1319 3375 mursuflius:

283 3366 385 3425 Seneca
399 3368 432 3427 de
441 3369 496 3437 lra,
508 3366 549 3426 iii.
564 3381 613 3443 42.
636 3370 700 3433 Dies
715 3392 775 3450 quos
823 3394 890 3432 nam
908 3374 1029 3453 Thestias
1041 3378 1127 3435 Cicero
1131 3339 1192 3450 jasir
1199 3378 1321 3458 praeceps

282 3446 310 3511 in
333 3446 492 3525 voluptatem
515 3446 639 3524 honestam
664 3451 776 3528 impen-
824 3455 852 3511 iu
876 3456 936 3533 Ρη.
963 3456 1072 3514 maceri
1083 3455 1193 3533 fhlobat,
1213 3470 1246 3515 ut
1265 3460 1322 3517 do-

282 3527 346 3585 dere
370 3528 435 3585 licet.
475 3529 554 3586 Idem
578 3530 665 3607 Epist.
687 3533 775 3591 xxvii¹
823 3546 868 3593 cet
876 3535 1097 3604 Quinuilianus,
1108 3537 1155 3594 lib.
1170 3532 1202 3595 ι.
1212 3558 1275 3616 cap.
1310 3583 1320 3600 .

283 3608 404 3665 Multum
417 3608 493 3683 restat
506 3610 583 3687 operis
597 3612 624 3667 in
644 3610 712 3690 quod
728 3612 778 3691 ipso
825 3616 900 3692 quod
925 3616 1011 3675 etiam
1038 3626 1117 3694 patet
1139 3638 1173 3675 ex
1200 3618 1248 3675 lib.
1265 3620 1320 3680 xir.

283 3687 422 3767 mefflest
444 3690 576 3765 vigriliam,
598 3690 646 3769 ipse
666 3691 776 3750 laborem
823 3696 1207 3774 cap.11.etexTusc.il.3.
1248 3700 1320 3757 Plu-

285 3780 358 3825 mmu
371 3768 525 3847 impendas.
566 3770 632 3831 Alia
647 3770 776 3850 suppedl·
825 3794 868 3834 res
883 3786 1007 3834 vetenun
1027 3778 1101 3835 locos
1122 3779 1150 3834 in
1172 3780 1243 3835 hanc
1258 3800 1321 3838 rem

157 3878 162 3890 ·
278 3842 356 3904 'tabit
369 3850 386 3907 J
391 3892 401 3913 .,
413 3850 458 3907 Fr.
473 3850 630 3910 Gronovius
644 3854 679 3909 ad
693 3854 776 3912 Sene·
823 3857 952 3933 congeffit
972 3858 1097 3915 Pithoeus
1116 3861 1150 3915 ad
1164 3858 1323 3918 Aristonem

285 3946 327 3991 eae
341 3929 425 3986 Herc.
440 3930 505 3987 Fur.
520 3930 590 3987 vers.
607 3950 655 4005 24.
826 3939 861 3995 de
881 3939 977 3995 uanos
995 3940 1075 3996 corr.
1098 3940 1178 4016 Eloq.
1190 3958 1253 4017 eep.
1269 3958 1287 4014 3
1291 3958 1321 4019 5.

328 4006 469 4083 Ψεβαίων]
486 4010 709 4087 Disputationes3
722 4034 779 4091 quo
828 4018 914 4075 Hunc
928 4038 992 4075 vero
1005 4040 1109 4076 morem
1126 4020 1246 4095 graviter
1260 4022 1323 4078 eas-

287 4084 365 4143 sensu
376 4128 378 4136 .
382 4090 568 4165 pomeridianas
581 4092 684 4169 scholas
707 4096 780 4153 dixit
827 4098 899 4173 rigat
918 4101 1051 4177 Synesrus,
1064 4102 1098 4157 de
1112 4101 1237 4164 lusomn.
1252 4121 1321 4183 pag.

289 4166 511 4239 Quindliliunus,
542 4174 583 4231 iil.
614 4193 638 4231 1.
680 4175 782 4233 Noller
832 4194 896 4259 157.
984 4205 994 4221 ·

289 4247 363 4310 infra
387 4248 428 4307 iii.
449 4267 498 4329 34.
540 4252 684 4333 separatim
705 4270 781 4318 cmae
