2817 4859
380 389 539 452 LIBER
564 389 854 453 SECUNDUS.
1077 393 1132 470 163

100 549 235 624 bilitati
266 551 404 626 labores
437 554 700 624 contemnendo
733 551 828 624 fiunt
863 550 971 625 etiam
1001 551 1133 628 tolera·

101 650 203 724 biles.

149 750 276 822 XXV.
303 749 531 838 Videmusne,
560 751 655 847 apud
684 773 774 847 quon
800 773 923 824 eorum
949 751 1130 840 ludorum,

100 847 161 944 qui
180 848 357 946 Gymnici
382 848 623 937 nominantur,
642 873 791 947 magnus
816 851 929 922 honos
952 848 1023 933 fit;
1050 851 1133 922 nul-

98 947 176 1018 lurn
200 951 249 1020 ab
277 947 345 1037 his,
362 947 425 1046 qui
450 949 486 1019 in
511 947 550 1020 id
575 965 753 1021 certamen
778 948 1005 1032 descendant,
1032 948 1132 1020 devi-

99 1044 163 1116 tari
188 1048 385 1118 dolorem?
412 1047 508 1144 apud
534 1069 624 1143 quos
649 1067 769 1120 autem
790 1044 943 1120 venandi
969 1061 1004 1118 et
1030 1045 1132 1142 equi·

98 1143 196 1217 tandi
231 1147 306 1217 laus
337 1146 446 1244 viget,
477 1144 540 1242 qui
573 1145 665 1218 hanc
692 1147 881 1242 peteffunt,
907 1145 1047 1216 nullum
1072 1146 1131 1216 su·

100 1242 200 1338 giunt
218 1247 395 1316 dolorem.
438 1244 537 1316 Quid
554 1245 598 1316 de
616 1245 742 1318 nostris
757 1244 1023 1331 ambitionibus,
1040 1242 1132 1340 quid

100 1343 143 1412 de
178 1342 380 1440 cupiditate
418 1343 594 1416 honorum
632 1343 790 1438 loquar?
859 1343 953 1415 Quae
985 1342 1132 1415 flamma

100 1440 158 1529 est,
188 1465 258 1538 per
282 1466 391 1538 quarn
418 1466 490 1514 non
516 1459 747 1514 cucurrerunt
771 1440 823 1528 hi,
849 1441 912 1539 qui
939 1441 1017 1514 haec
1041 1440 1131 1516 olim

100 1535 276 1648 bpunetis
303 1540 450 1638 fingulis
471 1540 719 1637 colligebant?
770 1541 896 1637 ltaque
921 1541 1055 1636 semper
1076 1541 1129 1612 A·

102 1637 256 1711 sncanus
277 1639 499 1712 Socraticum
522 1639 804 1736 Xenophontem
828 1643 864 1712 in
881 1639 1044 1710 manibus
1066 1639 1131 1712 ha·

102 1735 233 1824 bebat3
260 1738 362 1832 cujus
387 1737 424 1808 in
449 1737 572 1834 primis
597 1739 763 1810 laudabat
788 1738 890 1825 illud,
907 1740 1005 1833 quod
1031 1737 1130 1809 dice·

103 1853 161 1924 ret,
179 1835 302 1930 eosdem
329 1833 457 1908 labores
474 1863 536 1907 non
552 1863 644 1938 aeque
659 1863 790 1934 graves
806 1837 866 1932 affl
889 1835 932 1906 im
955 1835 1081 1906 aratori
1096 1849 1131 1906 et

102 1931 221 2006 militi:
245 1935 337 2034 quod
358 1935 421 2034 ipsi
444 1935 542 2006 honos
558 1947 572 1979 ⁶
587 1933 730 2006 laborem
746 1932 902 2006 leviorem
915 1855 1054 2030 diceret
1068 1932 1133 2004 im-

97 2034 311 2126 peratoriam.
362 2035 432 2106 Sed
461 2051 580 2106 tamen
611 2035 680 2106 hoc
711 2035 841 2122 evenit,
870 2053 910 2106 ut
940 2034 984 2129 in
999 2034 1061 2104 vul

102 2127 342 2230 insipientium
376 2131 501 2229 opinio
527 2134 641 2206 valeat
670 2131 874 2221 honestatis,
904 2157 989 2205 cum
1018 2132 1056 2228 ip
1072 2157 1131 2205 am

101 2228 219 2304 ridere
254 2257 327 2304 non
360 2231 501 2330 possint.
552 2235 677 2327 ltaque
708 2232 803 2304 fama
830 2249 866 2303 et
893 2230 1131 2303 multitudinis

97 2328 237 2424 judicio
263 2349 475 2404 moventur:
504 2355 587 2403 cum
614 2329 650 2401 id
668 2330 859 2402 honestum
873 2346 1012 2425 putent,
1030 2331 1131 2424 quod

103 2451 125 2498 a
154 2427 326 2524 plerisque
351 2430 526 2502 laudetur.
577 2429 632 2501 Te
666 2446 799 2510 autem,
826 2430 849 2499 si
877 2427 915 2498 in
948 2427 1060 2499 oculis
1084 2426 1131 2498 fis

104 2525 354 2618 multitudinis,
371 2547 489 2600 tamen
515 2529 588 2624 ejus
609 2525 750 2623 judicio
773 2527 861 2599 stare
884 2524 1022 2611 nolim;
1050 2549 1130 2610 nec,

103 2627 202 2720 quod
221 2626 283 2698 illa
304 2644 418 2724 putet,
435 2625 531 2698 idem
555 2645 677 2724 putare
702 2622 995 2720 pulcherrimum.
1045 2623 1131 2696 Tuo

103 2722 168 2796 tibi
195 2723 335 2820 judicio
368 2726 420 2798 est
447 2727 643 2798 utendum:
685 2722 751 2796 tibi
779 2723 807 2795 fi
837 2724 935 2796 radia
962 2722 1133 2821 probanti

103 2822 270 2916 placebis,
287 2823 393 2896 dturn
419 2849 491 2896 non
517 2825 626 2897 modo
652 2841 722 2896 tete
742 2821 882 2907 viceris,
901 2825 1017 2918 (quod
1040 2846 1130 2918 pau-

105 2919 142 2990 lo
165 2939 240 2994 ante
274 2921 540 3019 praecipiebam)
566 2923 624 2994 sed
652 2946 775 2993 omnes
800 2939 837 2993 et
858 2921 990 2992 ornnia.
1042 2919 1128 2991 Hoc

108 3017 210 3114 igitur
232 3020 302 3094 tibi
328 3045 500 3119 propone,
516 3019 818 3120 eamplitudinem
842 3037 878 3090 et
900 3018 997 3115 quasi
1015 3041 1128 3114 quan·

140 3241 155 3279 ὓ
176 3245 414 3322 Punslisfingulis]
437 3245 591 3322 suffragiis,
680 3241 694 3281 ‘²
718 3245 784 3302 Tum
803 3263 852 3300 non
870 3240 941 3301 modo
961 3239 1031 3317 tete]
1055 3240 1131 3300 Vul-

106 3343 166 3398 qnae
187 3327 255 3383 olim
280 3325 393 3403 punslis
412 3329 589 3384 notabantur.
640 3343 686 3400 go,
706 3340 761 3382 tum
783 3343 832 3382 non
855 3325 925 3382 modo
942 3336 974 3380 tu
994 3332 1026 3379 te.
1066 3324 1129 3380 Noe

105 3405 149 3460 Ad
158 3408 276 3464 eundem
292 3425 398 3466 momm
411 3405 518 3483 respicit
528 3407 591 3463 Ho-
639 3407 713 3482 Reg.
740 3417 769 3462 et
803 3405 943 3462 Pithoean.
975 3402 1126 3478 sequimur.

105 3485 198 3552 radus,
210 3489 278 3544 Art.
293 3488 368 3544 Poet.
383 3487 422 3546 vs.
435 3506 505 3560 343.
641 3485 720 3542 Med.
741 3485 823 3542 habel
837 3497 868 3540 tu
886 3505 935 3540 non
952 3482 1021 3540 ωοάο
1040 3493 1065 3539 tc
1083 3484 1128 3540 vi·

140 3571 153 3602 ‘
167 3566 293 3624 Ιαόονεπι
304 3567 529 3641 levioremfaccret
543 3567 592 3624 im·
640 3567 712 3624 ceris.

99 3648 264 3721 pernoram]
305 3649 499 3726 Xenophontio
532 3649 591 3704 haec
682 3643 948 3722 ‘Amplitudinemt
961 3643 1129 3721 quoſsquan-

102 3723 166 3782 sunt
179 3729 280 3785 verba:
303 3725 365 3784 Τῶν
381 3723 475 3806 dpalwr
491 3723 590 3804 σωμά-
640 3728 700 3786 dam
719 3726 939 3802 exaggerationem
959 3743 1035 3801 qrtam
1055 3721 1129 3795 alay-

102 3822 155 3861 awv
178 3808 200 3864 oi
219 3803 299 3864 αὐτοὶ
320 3804 392 3866 πόνοι
415 3803 469 3886 οὐχ
494 3804 590 3881 ὁμοίως
631 3809 727 3884 finiam
740 3805 834 3880 animi]
854 3805 922 3862 Pall.
935 3804 1129 3876 nostriqueno-

104 3877 238 3966 linono,
252 3883 389 3984 aipxorro'e
404 3905 434 3944 ra
457 3881 589 3981 diripient}
639 3889 715 3946 dices
734 3885 868 3943 exhibent
887 3882 1047 3942 altitudinem
1067 3882 1129 3940 ani-

105 3961 202 4024 ilwita·
222 3969 278 4026 α’λλ
295 3964 443 4044 ἐπικεφὶζει
458 3967 483 4025 rl
495 3987 511 4040 η
525 3966 590 4044 τιμὴ
640 3970 681 4025 mi
700 3981 725 4024 ct
745 3968 818 4044 quast
836 3961 965 4042 mandam
983 3979 1129 4038 exaggera·

105 4041 155 4108 ada
168 4043 313 4116 τόνοὺςτῶ
327 4041 453 4125 ἄρχοντι.
485 4049 592 4106 Extant
641 4050 730 4104 tiorum
749 4064 827 4123 quam
848 4041 992 4115 altiffimum
1016 4043 1126 4100 animi:

104 4124 250 4200 Cympud.
273 4129 363 4187 libi.
386 4145 453 4205 pag.
475 4146 525 4202 32.
548 4129 592 4186 ed.
641 4147 690 4186 nec
705 4123 1062 4184 aliterediditGebhardue.
1087 4126 1130 4180 At

104 4205 202 4272 Ffilssc·
392 4266 396 4276 ‚
641 4228 706 4265 eum
716 4205 814 4284 putida
824 4205 855 4262 stt
865 4215 892 4260 et
902 4203 1040 4282 inelegans
1050 4203 1131 4259 ammi

620 4305 675 4354 na
1054 4301 1130 4357 repe·
