2817 4859
318 401 378 463 AD
397 401 568 463 TUSCUL.
590 401 920 467 DISPUTATIONES.
1081 413 1140 493 485

106 574 309 639 SIMILENE
316 595 398 659 putas
414 581 446 641 C.
467 581 547 642 Latii
565 604 643 642 annm
663 587 817 646 conrelatum
827 587 918 668 siff,
934 602 960 647 tt
971 606 1027 646 tum
1039 588 1141 668 quidem

105 695 164 733 cum
184 673 283 758 repulsa
300 677 360 751 (St,
380 698 438 736 cum
450 680 554 760 sapiens
575 691 600 738 et
620 679 697 740 bonus
710 685 757 740 vir
776 684 861 764 qualis
875 685 918 742 ille
929 685 991 762 firit
999 685 1140 764 suffiagiir

100 773 261 851 proteritur,
276 795 324 832 non
333 774 441 853 popalus
456 798 474 834 a
488 775 659 856 bono.confirle
673 780 769 858 potius,
783 801 860 860 quam
874 781 921 838 illa
934 804 952 840 a
969 782 1076 842 VANO
1091 800 1140 863 po·

99 865 164 945 pulo
176 869 380 948 repulsamfrrt)
388 869 442 948 sed
452 886 537 930 utrum
552 877 603 932 &n
617 874 666 932 ubi
679 876 747 933 ordo
765 875 812 943 est,
827 875 858 935 Si
870 897 919 934 non
934 878 1017 955 potius
1028 880 1139 958 populus

104 985 124 1024 a
144 961 206 1050 tom
225 965 335 1046 σοφὰς
358 969 495 1044 aptiffima
517 971 670 1048 corrigendi
692 971 821 1032 sonnula.
861 975 944 1032 Porro
963 976 1049 1034 etiam
1067 977 1139 1036 Vana

60 1079 62 1085 ·
104 1063 289 1142 reposuimus,
302 1083 367 1122 cum
382 1085 416 1122 err
431 1065 569 1143 prioribus
582 1067 674 1134 editio,
690 1081 753 1126 tum
767 1091 802 1127 ex
816 1069 909 1128 codice
922 1081 972 1129 tuo
985 1073 1136 1150 praestanti.
1198 1104 1202 1117 ·

48 1235 50 1240 Ι
103 1161 157 1218 Sed
179 1161 226 1218 cui
246 1181 302 1220 non
321 1171 371 1220 aut
383 1161 468 1220 bilem
483 1173 533 1220 aut
546 1162 631 1222 risum
647 1175 756 1222 moveat
770 1166 861 1224 inanis
875 1167 923 1224 illa
934 1167 1074 1226 Gebhardi
1088 1189 1138 1226 ex·

101 1255 237 1316 saltatio?
272 1257 436 1326 Οοπεὶἰονιε,
450 1259 554 1338 inquit,
567 1258 659 1340 quibus
679 1259 746 1318 nibil
762 1263 870 1331 uanius,
883 1263 1042 1338 diffiderunt
1055 1267 1135 1324 vani-

102 1365 181 1413 tatem
191 1355 295 1433 fitam.-
315 1357 405 1436 quippe
424 1377 457 1414 en
471 1359 588 1436 genuina
608 1358 741 1418 tertianae
757 1379 841 1418 nono
863 1361 967 1440 populo
977 1361 1099 1439 fecerum
1118 1381 1136 1422 a

101 1471 199 1512 vnuo.
235 1455 379 1534 Eugepae?
414 1455 487 1514 Vide
508 1455 607 1534 quanti
627 1455 664 1512 est
685 1455 796 1534 sapere;
817 1460 836 1516 s1
857 1459 881 1516 ie
893 1457 974 1536 sapit,
988 1463 1039 1538 qui
1053 1462 1137 1538 quos·

101 1569 224 1628 cumque
250 1551 426 1612 librariorum
454 1551 546 1630 lapsas
569 1562 597 1610 et
623 1551 722 1610 deliria
745 1545 981 1632 serviliter'sequi
1005 1558 1136 1616 instituit.

101 1646 183 1704 Quid
197 1647 272 1706 enim
287 1649 339 1706 tibi
354 1648 406 1717 vio,
420 1647 438 1707 ὃ
450 1649 531 1716 bone,
545 1667 611 1706 curn
627 1649 675 1706 illa
692 1657 742 1710 tua
760 1649 878 1708 ledtione
897 1671 916 1709 a
937 1649 999 1709 bona
1012 1652 1134 1732 populo?

99 1745 150 1822 qui
165 1741 256 1804 sensus
270 1746 342 1804 erit?
364 1766 429 1822 quae
442 1744 597 1804 sententia?
620 1747 694 1823 quod
710 1747 889 1805 antitheton?
923 1747 1028 1806 Nonne
1042 1749 1071 1806 id
1082 1748 1135 1808 sal·

101 1851 158 1905 tem
173 1843 275 1914 vidisti,
290 1841 442 1922 sapientem
458 1863 490 1902 ac
505 1846 611 1918 bonnm
629 1843 722 1902 virum
743 1845 850 1901 abono
871 1845 976 1922 populo
995 1843 1133 1922 repulsam

100 1959 249 2016 nonquam
273 1939 364 2001 serre?
386 1942 434 2017 qui
458 1939 544 1998 talem
566 1937 701 2018 suffragiis
722 1937 778 1998 suia
800 1949 979 2017 praetereunt,
998 1959 1056 1999 nou
1077 1941 1135 2000 boni

98 2038 209 2114 ntique,
224 2036 269 2096 sed
288 2038 364 2107 uana,
384 2035 488 2106 sutiles,
509 2037 705 2104 inconstanter,
725 2038 839 2108 ventosi,
862 2037 1010 2095 mobilium
1033 2037 1133 2098 uuirt-

86 2135 173 2198 .tium
189 2137 278 2205 turba,
293 2135 336 2193 uel
351 2134 430 2212 pejus
443 2135 564 2212 denique
579 2134 713 2211 quiddam
728 2133 793 2192 sunt
806 2134 977 2214 appellandi.

138 2231 212 2308 Cap.
228 2251 275 2290 xx.
296 2231 441 2309 Dioryfius,
454 2232 498 2310 qui
511 2250 567 2289 cum
580 2229 725 2289 abundaret
736 2241 762 2288 et
780 2232 920 2312 <equalium
929 2231 1134 2306 familiaritati·

97 2327 145 2387 bus
159 2342 183 2386 et
197 2327 369 2405 constutudine
376 2329 583 2408 propinquorum,
597 2327 700 2386 baberet
714 2328 792 2386 etiam
809 2348 877 2386 more
890 2329 1002 2387 Gracia
1013 2331 1132 2409 quasdam

96 2423 261 2504 adolescentes
280 2445 366 2484 amare
383 2427 533 2501 conflandos,
547 2427 674 2484 credebat
692 2446 777 2484 eorum
795 2425 913 2504 nemim]
936 2427 1046 2487 Mirum
1067 2450 1132 2489 vero

97 2526 150 2582 hoc
165 2533 193 2582 et
207 2522 365 2582 incredibile
380 2523 427 2590 esi,
441 2543 506 2580 eum
522 2521 629 2580 nemini
642 2521 753 2582 suorum
775 2521 899 2580 narranti
919 2523 1076 2600 quidquam
1097 2525 1133 2598 si·

96 2623 161 2680 dem
175 2621 315 2680 habuisse:
339 2623 391 2678 boc
404 2621 481 2678 enim
494 2630 523 2678 et
539 2621 610 2678 nihil
625 2621 700 2679 aliud
715 2619 753 2678 est
766 2619 873 2680 madert.
914 2621 966 2680 Sed
981 2619 1073 2680 facilis
1091 2602 1132 2682 est
1241 2671 1248 2682 .

96 2719 255 2781 emendatio
268 2719 311 2778 vel
330 2719 385 2778 stne
405 2718 500 2796 scripti
518 2717 620 2778 codicia
633 2717 757 2776 auxilior
781 2727 846 2776 taur
861 2729 953 2776 tamen
968 2718 1014 2776 ille
1028 2718 1131 2779 deserte

96 2819 190 2886 habet,
206 2815 335 2877 Credebat
346 2815 404 2875 'SE
424 2836 508 2874 eorum
531 2815 645 2874 mmirir
667 2816 741 2893 quod
760 2815 808 2886 est,
821 2815 1026 2885 committebat,
1038 2819 1131 2895 phrafi

93 2915 244 2974 tritislima.
286 2914 393 2972 Firmat
407 2914 476 2972 illud
490 2913 565 2990 quod
586 2933 651 2971 mox
666 2913 800 2990 sequitur,
817 2911 871 2971 Set
886 2913 1004 2971 convenis
1021 2928 1047 2972 et
1067 2914 1132 2973 bar·

95 3011 167 3070 baris
180 3012 286 3090 corporis
298 3008 434 3087 austadiam
453 3007 632 3068 committebat.
668 3019 697 3067 et
710 3027 773 3088 cap.
788 3029 837 3066 xx.
857 3007 930 3068 Huic
946 3007 1047 3089 quidem
1065 3019 1132 3073 certe

94 3108 181 3168 naam
195 3121 268 3166 tuam
282 3106 426 3166 committis.
495 3103 498 3108 ’

133 3206 208 3264 lbid.
229 3199 384 3281 Itasordido
401 3201 567 3281 ancillarique
580 3201 708 3272 artificio,
727 3201 809 3282 regiae
819 3201 943 3281 virgines,
955 3217 987 3261 ut
998 3205 1131 3281 tonstricu-

93 3303 138 3372 lae,
151 3299 289 3360 tondebant
303 3297 410 3359 barbam
427 3314 451 3358 tt
470 3299 589 3380 capillum
598 3301 709 3379 patria]
730 3301 798 3360 Non
811 3300 903 3378 placet
918 3300 989 3359 illud
1001 3300 1130 3374 artificia.-

93 3419 150 3460 uon
172 3398 249 3459 enirn
271 3395 471 3475 profitebantur
490 3394 516 3453 se
536 3397 678 3455 tonstrices
698 3395 768 3469 effe3
792 3395 836 3454 sed
855 3418 889 3456 eo
909 3415 1022 3454 munere
1045 3394 1128 3473 fungi

92 3497 274 3578 ungebantur.
315 3493 508 3552 Quamobrem
531 3491 648 3551 mirifice
671 3494 772 3570 placet,
795 3503 879 3570 atque
903 3493 971 3551 adeo
994 3491 1129 3552 verissima

93 3596 132 3654 est
152 3595 196 3654 tui
216 3591 319 3652 codicis
339 3591 432 3662 teatio,
454 3589 560 3650 Sordida
580 3591 747 3672 ancillarique
770 3589 932 3652 OFFICIO.
961 3591 1129 3670 Propertius,
1245 3667 1251 3676 ι

96 3711 134 3752 ιν.
147 3708 180 3770 9.
190 3787 260 3836 Idem
270 3799 315 3848 ego
325 3783 425 3833 Sidonia
435 3783 480 3832 teci
485 3779 587 3845 seruilia
599 3783 664 3847 palla

192 3867 283 3932 Officia,
294 3873 319 3914 et
329 3867 395 3930 Lyda
406 3866 478 3930 pensa
489 3867 575 3914 diurne
586 3867 651 3916 colu.

92 3965 196 4030 Horat.
211 3965 298 4026 Seru.
313 3963 344 4021 ii.
360 3964 389 4022 6.

192 4101 317 4116 ---
329 4077 382 4126 Nec
394 4091 444 4126 non
454 4059 579 4126 verniliter
591 4074 646 4139 ipos

193 4161 311 4226 Fungitur
321 4157 405 4226 officiii.
608 4221 615 4236 υ

422 4253 425 4260 ’
580 4242 616 4284 ιι
632 4239 649 4300 3
