2817 4859
332 384 393 449 nn
410 386 585 450 uuscuo.
604 384 941 451 nisiurnriouus.
1093 366 1155 469 4'25

151 583 156 591 ·
215 563 1027 634 urooouiotogumlmrmponipmpuomm,

127 703 130 721 A!
215 649 258 697 Ur
269 649 402 713 niquidu
415 647 422 716 Ι
435 649 515 713 pestes
525 650 575 699 imi
587 646 595 715 Ι
607 648 726 713 coequdd
737 658 788 699 tute
799 662 843 711 ige
856 645 862 714 Ι
876 663 900 697 re
910 648 1003 711 poffies.

116 762 194 841 Ergo
207 784 242 822 ex
253 765 405 843 posteriore
413 782 513 842 genere
525 765 588 831 boo,
600 764 636 821 de
649 761 754 841 quibui
767 780 844 821 nnnc
856 763 980 840 eginum
991 762 1083 823 versuo
1102 762 1154 821 effe

114 864 285 921 autumabat
298 863 421 941 Scaliger
432 872 461 921 et
474 863 525 940 qui
537 882 604 921 eum
615 860 704 920 secuti
715 884 721 919 :
737 870 771 919 ut
783 872 857 919 certe
870 861 985 938 quidem
998 861 1101 932 suren
1112 880 1156 921 re·

117 967 233 1046 ceptum
247 958 396 1017 leiiionem
410 959 601 1019 admittimus.

218 1088 274 1138 ileu
285 1090 396 1154 reliquias
409 1087 415 1157 Ι
429 1088 528 1139 semiiffi
539 1106 564 1139 re
577 1085 583 1156 Ι
596 1089 632 1152 gis
642 1088 739 1138 dinude
752 1084 759 1155 Ι
772 1089 802 1135 ris
812 1086 900 1137 offibus

219 1163 263 1217 Per
273 1168 361 1219 tinam
371 1170 422 1219 lani
435 1169 441 1236 Ι
456 1187 469 1219 e
480 1168 562 1219 delibo
574 1166 582 1235 Ι
595 1180 631 1219 tus
640 1167 710 1219 foede
721 1169 745 1217 di
759 1164 765 1233 Ι
779 1167 893 1217 vexdn‘er.

115 1282 227 1344 Verum
249 1285 279 1343 in
299 1305 333 1345 eo
349 1295 409 1345 tota
421 1285 570 1345 difficultas
583 1284 716 1354 versatur,
728 1304 765 1343 an
786 1294 896 1363 recepta
909 1284 992 1345 leilio
1006 1287 1039 1344 sit
1052 1286 1157 1347 admit·

118 1382 216 1441 tenda.
244 1383 385 1461 Equidem
400 1384 429 1443 id
439 1404 571 1464 pernego,
585 1392 670 1462 atque
682 1382 810 1463 pluribus
822 1383 858 1440 de
871 1382 977 1443 cauffis.
1004 1384 1083 1443 Nam
1098 1387 1158 1465 pri·

119 1494 180 1547 mo,
196 1479 217 1536 sr
236 1479 313 1538 aliud
335 1481 492 1559 quidquam
506 1482 538 1539 in
560 1500 589 1539 re
607 1480 733 1539 literaria
752 1499 814 1537 vere
834 1478 972 1539 affinnare
992 1482 1109 1559 polium,
1127 1484 1157 1543 id

93 1606 98 1615 ·
122 1577 216 1653 (quod
236 1578 288 1635 hoo
302 1576 426 1637 summor
442 1579 515 1661 virne
533 1576 624 1656 fugit)
637 1577 767 1656 proestare
788 1578 840 1635 tibi
860 1578 958 1645 ausim,
972 1598 1119 1657 nunquam
1139 1600 1158 1639 a

119 1672 213 1732 Poetis
223 1673 353 1753 Tragicie
366 1676 413 1736 sen
420 1672 527 1737 Graecio
538 1678 592 1736 five
604 1676 717 1735 Latinis
730 1675 875 1754 usurpatos
890 1676 939 1734 elle
953 1678 1093 1737 lambiens
1107 1681 1158 1739 hoo

117 1767 318 1831 Teimmetros.
359 1772 505 1851 Siquidem
527 1775 580 1831 hoc
597 1784 720 1831 metrum
735 1772 774 1830 est
786 1772 943 1831 Comoediae
957 1776 1113 1851 proprium,
1128 1776 1159 1835 in

120 1866 277 1944 Tngoedia
289 1870 399 1929 nullum
421 1872 515 1930 locum
536 1873 629 1929 habet.
670 1871 761 1946 Atqui
783 1870 833 1927 hos
846 1872 1000 1940 reticulos,
1013 1874 1063 1931 ubi
1077 1876 1159 1954 Poly·
1199 1878 1210 1913 Ι

119 1964 185 2023 dori
199 1968 300 2025 umbra
313 1966 449 2046 loquitur,
460 1988 496 2027 ex
504 1967 658 2045 Tragoedin
672 1966 795 2044 quadam
805 1964 967 2047 desumptoo
980 1968 1031 2028 else
1044 1990 1085 2031 reo
1100 1972 1161 2051 ipse

121 2061 248 2121 indicat:
270 2085 361 2143 neque
380 2066 454 2125 mihi
467 2056 587 2125 dubium
600 2066 649 2136 eli,
661 2064 734 2143 quin
746 2086 782 2125 ex
795 2064 910 2125 Pacuvii
923 2066 1007 2127 Iliona
1020 2069 1073 2128 fint
1085 2072 1162 2150 peti.⁴

119 2158 157 2217 ii.
199 2160 275 2231 Hoc,
288 2163 417 2240 inqunm,
431 2164 576 2241 primum:
599 2164 687 2240 quod,
701 2164 840 2243 quianon
855 2163 937 2222 aliter
955 2165 1076 2225 constare
1096 2168 1161 2245 pos·

120 2256 157 2318 fit
172 2278 259 2335 quam
273 2258 358 2337 longa
372 2269 415 2319 tot
429 2258 554 2319 looorum
567 2260 787 2330 enumeratione,
800 2280 857 2318 non
876 2258 938 2337 jam
958 2260 1082 2321 evincere
1102 2264 1161 2323 stu·

119 2352 186 2423 deo,
199 2354 245 2412 sed
258 2357 330 2413 mihi
342 2357 416 2415 credi
431 2356 548 2435 postulo.
581 2357 616 2414 Id
629 2356 760 2434 equidem
774 2356 861 2413 ausim
877 2374 939 2413 mea
952 2354 1005 2413 fide
1017 2357 1161 2435 polliceri3

122 2454 202 2529 quod
214 2454 277 2512 dieo
290 2475 388 2513 verum
402 2468 587 2533 reperturum,
600 2453 728 2532 quisquis
746 2452 890 2528 utriusque
910 2451 1016 2531 lingoae
1027 2455 1163 2533 Tragicos

122 2550 268 2610 evolverit.
291 2552 366 2611 lllnd
380 2552 478 2610 deinde
492 2546 640 2635 confidere,
650 2550 726 2627 quod
741 2570 775 2607 ex
789 2549 849 2627 ipso
861 2549 996 2609 Cicerone
1008 2550 1166 2629 planiffime

122 2658 261 2727 apparet3
283 2652 343 2707 haec
356 2669 468 2727 quoque
481 2650 518 2707 ab
530 2649 631 2707 umbra
644 2646 774 2725 Polydori
789 2645 867 2705 dina
879 2645 947 2717 elle,
963 2647 993 2705 in
1005 2649 1101 2709 eadem
1114 2646 1163 2732 ΙΙ·
1192 2690 1194 2697 ι

122 2766 168 2806 σει
183 2767 241 2826 qna
252 2748 346 2826 priora
359 2746 419 2816 illa,

223 2876 305 2927 Mirer
314 2887 338 2927 te
348 2876 454 2942 appello,
465 2889 521 2939 quae
531 2888 616 2923 curem
627 2874 714 2924 somno
724 2874 860 2938 suspensam
870 2875 936 2925 levas
946 2896 953 2949 ,¹
1028 2936 1031 2943 ι

122 3004 154 3055 et
174 2994 277 3054 idciroo
295 3015 362 3054 cum
381 2995 475 3074 priora
491 2992 658 3063 Trochaica‚
676 2993 764 3053 etiam
785 2994 846 3051 haec
866 3012 901 3051 ex
921 2994 990 3052 artis
1009 2994 1070 3073 lege
1089 2992 1165 3055 Tro·

125 3094 226 3153 chaino
238 3093 289 3153 effe
303 3104 440 3171 oportere.
482 3091 640 3170 Reliquum
654 3091 805 3169 elligitur,
820 3100 852 3149 ut
865 3090 1003 3169 sequendo
1016 3102 1093 3152 corta
1104 3093 1166 3153 ves·

125 3193 201 3271 ligio
212 3212 283 3270 quos
297 3193 451 3270 quaerimuo
464 3210 596 3250 numerus
609 3190 677 3251 hinc
688 3209 829 3249 eruamus.
870 3190 964 3269 Atque
984 3192 1026 3249 illi
1039 3193 1166 3269 quidem,

124 3292 159 3349 ni
179 3288 272 3360 fallor,
289 3288 339 3347 sua
359 3288 456 3369 sponte
476 3288 645 3349 exorientur.
686 3287 832 3347 Quorsum
857 3289 933 3347 enim
956 3288 1025 3347 illud
1043 3290 1180 3349 Reoroi·

128 3388 214 3446 Certe
227 3386 379 3461 Polydorus
392 3388 452 3445 uaec
466 3386 501 3444 de
514 3383 540 3443 se
553 3385 680 3462 loquitur
688 3409 697 3457 ;
722 3387 746 3444 is
766 3394 861 3444 autem
882 3385 1000 3467 minime
1018 3394 1078 3444 erat
1097 3404 1165 3445 rex:

129 3484 220 3543 Quod
233 3484 253 3541 ii
267 3483 379 3555 fuiffet3
400 3482 427 3540 se
447 3491 541 3540 lamen
560 3500 654 3559 regem
674 3480 824 3559 appellare,
842 3476 996 3560 presertim
1012 3478 1075 3558 jam
1090 3500 1168 3539 mor·

128 3589 225 3651 tuum.
237 3576 318 3658 cujus
331 3580 394 3640 eil'et
407 3579 596 3657 arrogantia?
628 3579 704 3639 illud
718 3600 832 3658 quoque
853 3578 919 3638 scire
935 3599 1013 3650 aveo,
1027 3598 1166 3641 anuinio!

130 3680 265 3758 quid-fibi
278 3680 366 3739 velit?
397 3680 512 3749 Dicent,
525 3678 635 3756 opinor,
636 3677 787 3757 sendustum
800 3678 854 3737 five
857 3678 1074 3756 semiustulatum.
1109 3678 1169 3737 Ai-

131 3776 184 3853 qui
198 3794 290 3853 neque
303 3774 512 3835 funuefadium
528 3775 568 3833 est
590 3774 737 3853 Polydoro,
749 3785 784 3834 ut
801 3794 904 3855 corpus
923 3776 1008 3833 fuerit
1024 3772 1168 3833 semiustu-
1294 3756 1298 3762 ¹

130 3872 271 3946 landum3
295 3873 508 3953 (projiciebatur
528 3874 635 3953 qnippe
648 3873 809 3934 volucribus
829 3882 858 3933 et
877 3874 952 3941 serio,
966 3890 1017 3931 nec
1037 3870 1097 3949 rogi
1116 3890 1169 3932 nee

129 3969 272 4050 sepulchri
280 3969 357 4049 justa
367 3971 531 4032 consttutuo
539 3974 565 4048 3)
580 3991 672 4051 neque
684 3972 890 4053 vemsemioffus
903 3972 963 4031 ullo
974 3972 1003 4031 id
1017 3972 1102 4039 modo
1115 3974 1170 4051 fig·

131 4066 248 4129 officere
260 4067 359 4147 potest.
399 4069 443 4127 En
452 4068 530 4127 enirn
544 4068 673 4128 vocabuli
687 4068 763 4129 illino
776 4069 819 4127 vio
833 4068 882 4141 eii,
895 4078 929 4127 ut
948 4068 984 4127 nd
996 4067 1082 4127 eiboo
1092 4078 1120 4127 et
1133 4068 1170 4127 ed

130 4164 302 4229 testudini
312 4164 421 4245 semper
433 4162 577 4226 reserant.
614 4166 684 4227 Non
698 4165 795 4245 inquo
808 4164 944 4245 Polydoro
955 4165 1086 4227 morou
1099 4164 1172 4227 iliud
