2817 4859
410 353 569 416 uranu
596 353 855 416 outnuus.
932 369 937 378 ·
1086 359 1144 440 ³⁶5

110 513 213 588 enim
230 514 428 626 proprium,
447 514 538 588 nihil
554 517 680 611 ¹¹quod
696 515 870 614 poenitere
886 517 988 614 possit
1005 516 1143 603 facere:

112 613 207 686 nihil
233 613 413 689 invitum:
441 613 637 712 splendide,
655 616 867 700 constanter,
885 615 1051 714 graviter,
1078 617 1145 690 ho-

113 713 213 786 neste
239 711 386 787 omnia:
414 711 507 786 nihil
530 712 580 786 ita
604 713 822 810 exspedtare‚
839 715 938 812 quast
962 736 1059 789 certo
1086 717 1145 790 fu·

114 829 265 885 turum:
292 811 383 884 nihil
410 837 495 886 cum
517 811 688 885 acciderit
714 812 889 902 admirari,
914 832 955 886 ut
981 813 1144 912 inopina·

112 927 193 982 tum
211 935 252 984 ac
270 936 406 985 novum
429 911 597 985 accidiffe
614 912 799 984 videatur:
826 911 946 984 omnia
971 915 1013 986 ad
1040 915 1144 988 suum

112 1009 304 1082 arbitrium
333 1011 485 1085 referre:
521 1009 588 1083 suis
619 1009 707 1084 stare
734 1009 890 1105 judiciis.
942 1011 1026 1086 Quo
1054 1014 1145 1109 quid
1254 1084 1261 1098 ,

111 1108 158 1180 fit
176 1109 324 1200 beatius,
343 1110 433 1182 mihi
450 1127 545 1183 certe
563 1108 600 1182 in
617 1127 774 1183 mentem
791 1111 909 1184 venire
928 1135 998 1184 non
1016 1113 1144 1223 potest.

114 1207 321 1282 Stoicorum
350 1209 497 1306 quidem
524 1208 636 1282 facilis
661 1210 844 1283 conclusio
868 1211 941 1282 est:
969 1237 1032 1309 qur
1059 1235 1145 1286 cum

113 1305 247 1378 finem·
263 1309 442 1382 bonorum
476 1309 545 1380 effe
572 1307 752 1394 senserint,
781 1333 977 1406 congruere
1010 1328 1144 1384 naturae

115 1429 272 1502 cumque
290 1431 331 1480 ea
347 1407 600 1481 convenienter
619 1404 738 1479 vivere
756 1435 766 1480 z
793 1433 878 1482 cum
895 1407 933 1482 id
948 1407 993 1480 fit
1008 1423 1023 1455 ⁰
1036 1411 1072 1482 in
1091 1409 1145 1482 sa.

113 1501 246 1601 pientia
272 1505 382 1580 situm
405 1531 479 1579 non
505 1504 629 1579 officio
654 1506 780 1594 solum,
797 1533 921 1580 verum
949 1508 1055 1581 etiam
1078 1533 1147 1606 po·

114 1605 264 1677 testate:
291 1605 458 1704 sequatur
481 1606 620 1678 neceffe
646 1605 709 1690 est,
728 1625 781 1696 ut,
798 1609 896 1703 cujus
919 1606 955 1680 in
972 1609 1144 1704 potestate

114 1701 297 1778 summum
327 1707 477 1791 bonum,
507 1704 544 1777 in
574 1705 731 1800 ejusdem
760 1703 840 1778 vita
865 1708 966 1778 beata
994 1707 1062 1784 tit:
1095 1705 1145 1782 ita

115 1800 161 1874 fit
187 1801 325 1900 semper
349 1803 424 1876 vita
450 1806 554 1877 beata
576 1803 751 1900 sapientis.
803 1805 939 1890 Habes,
962 1829 1044 1901 quae
1071 1805 1144 1878 for-

115 1899 245 1974 tissime
280 1903 325 1975 de
358 1905 461 1976 beata
490 1903 563 1975 vita
596 1901 668 1975 dici
702 1922 854 1999 putem;
893 1922 929 1976 et
961 1907 1146 2014 quomodo

87 2005 214 2169 'n'ppc
241 2001 305 2092 est,
330 2001 396 2074 nisi
425 2001 513 2100 quid
535 2019 576 2074 tu
605 1999 731 2074 melius
759 2002 929 2092 attuleris,
953 2021 1058 2076 etrarn
1082 2029 1145 2077 ve·

115 2123 145 2172 rr
176 2124 262 2171 rme.

163 2197 315 2272 XXIX.
341 2202 387 2273 A.
412 2199 576 2274 PMelius
600 2198 768 2299 equidem
795 2199 920 2274 afferre
948 2199 1038 2280 nihil
1064 2204 1145 2298 pos·

115 2296 218 2369 sum:
246 2298 307 2372 sed
332 2325 353 2372 a
372 2317 408 2372 te
424 2299 640 2397 impetrarim
659 2297 823 2385 libenter,
841 2299 936 2371 rnifi
955 2301 1146 2377 molestum

113 2395 160 2468 stt
179 2398 365 2493 (quoniam
381 2419 416 2471 te
435 2400 533 2472 nulla
548 2397 694 2472 vincula
719 2396 920 2496 impediunt
944 2400 1050 2470 ullius
1068 2426 1147 2474 cer-

113 2489 164 2566 t'ae
181 2495 393 2594 disciplinae,
409 2497 570 2593 libasque
586 2521 633 2570 ex
652 2495 819 2569 omnibus
840 2497 1083 2594 quodcunque
1109 2518 1144 2574 te

114 2593 275 2668 maxime
304 2596 421 2693 specie
447 2596 602 2670 veritatis
631 2601 768 2677 movet)
800 2597 898 2692 quod
927 2597 1034 2692 paulo
1063 2614 1145 2671 ante

115 2691 372 2790 Peripateticos
401 2712 629 2794 veteremque
662 2694 896 2768 Academiam
926 2695 1057 2769 hortari
1090 2699 1145 2770 vi-

115 2793 259 2886 debare,
276 2813 318 2868 ut
333 2793 406 2868 fine
425 2793 673 2868 retractatione
689 2792 799 2867 libere
817 2793 935 2868 dicere
960 2797 1144 2883 auderent,

156 3099 171 3127 '¹
186 3089 489 3170 Ouodpoenitercpoffit]
505 3092 534 3150 A
544 3094 607 3151 vul·
696 3100 712 3130 ⁰
731 3091 764 3151 In
779 3089 995 3170 sapientiusttum
1006 3114 1053 3150 non
1067 3093 1146 3168 officie

114 3173 420 3248 goGrammaticorum
428 3173 607 3250 deceptuaest
645 3171 741 3249 filum,
771 3194 862 3232 oerum
892 3175 968 3230 ctiam
999 3173 1143 3251 potestate]

115 3253 288 3324 Lambinus,
309 3273 375 3312 cum
402 3253 606 3314 rescribendum
656 3255 762 3331 Vulgo,
775 3251 930 3333 insapiente,
944 3275 995 3312 nec
1008 3255 1088 3312 aliter
1099 3275 1147 3312 co-

115 3332 243 3408 conjicit,
274 3335 349 3408 cujus
373 3333 497 3412 penitere
524 3333 605 3413 pofflt.
654 3335 738 3393 dices.
767 3339 807 3392 At
822 3355 880 3403 nos,
896 3335 929 3390 iis
941 3335 1046 3401 invitis,
1059 3335 1146 3392 Lam·

115 3413 217 3472 Altero
241 3416 316 3474 euim
344 3417 428 3474 modo
450 3415 607 3491 loquuntur
655 3414 716 3472 bini
743 3415 931 3491 conjecturam
964 3415 1058 3473 sumus
1084 3435 1146 3474 atn-

114 3495 184 3552 boni
194 3494 349 3572 scriptores.
378 3493 503 3564 Plautus,
514 3496 609 3553 Sticho
657 3495 742 3574 plexi,
756 3513 841 3572 quam
856 3493 976 3572 postulat
990 3497 1088 3552 oratio,
1144 3553 1147 3562 ,

114 3573 184 3632 Aet.
200 3575 225 3632 Ι.
239 3577 283 3633 Sc.
299 3577 318 3634 i.
334 3589 383 3652 50.
407 3577 445 3634 Et
457 3596 495 3633 me
508 3573 609 3654 quidam
696 3583 712 3621 Ρ
732 3575 829 3634 Melius
849 3575 993 3650 equidem]
1017 3577 1062 3633 Sic
1076 3576 1147 3649 Reg.

115 3653 173 3712 baec
192 3656 318 3714 conditio
336 3675 404 3713 nunc
417 3675 464 3712 non
479 3657 609 3732 poenitet.
658 3655 889 3715 Pithoean.Med.
903 3669 931 3712 et
944 3658 1014 3714 Bal.
1045 3655 1148 3732 Vulgo,

115 3735 220 3792 Noster
238 3737 273 3794 de
287 3737 398 3795 Inveut.
412 3736 460 3794 lib.
476 3736 506 3798 ii.
520 3757 544 3794 c.
563 3755 610 3810 13.
658 3735 768 3816 quidem.

120 3813 215 3873 Utrum
226 3813 421 3892 idfacinurfit,
431 3818 506 3894 quod
517 3819 610 3894 poeni·
700 3825 715 3864 ‘l
736 3816 795 3892 Nist
805 3813 988 3895 mobstumstt]
1004 3815 1109 3890 Vulgo,
1120 3829 1151 3872 ut

115 3906 174 3954 tere
184 3897 342 3970 funitnece
359 3917 382 3956 e.
414 3898 485 3954 Vide
504 3917 555 3954 noo
575 3898 611 3954 ad
658 3896 709 3974 nist
730 3895 851 3970 molestum
868 3899 918 3972 stt.
956 3895 1078 3952 Primam
1099 3916 1148 3952 vo·
1193 3893 1197 3906 '

117 3977 242 4035 Minutii
262 3977 360 4036 Felicia
380 3997 405 4035 c.
429 3977 527 4035 xxviii.
544 3997 609 4056 pag.
658 3997 731 4042 cem,
755 3997 819 4052 quae
847 3975 991 4032 manifesto
1018 3973 1150 4054 capitia

120 4073 188 4130 141.
210 4058 254 4118 td.
275 4057 361 4116 Cant.
381 4058 430 4115 ubi
448 4059 543 4116 [iutilia
563 4078 609 4117 oc·
659 4057 731 4115 recle
754 4055 972 4132 praetermittunt
992 4057 1063 4114 Bak.
1087 4057 1151 4126 alii·

116 4138 208 4200 currit
222 4137 353 4216 loquendi
368 4138 451 4196 ratio.
659 4158 714 4215 que
728 4136 842 4216 quidam
858 4137 974 4196 codices.
