2817 4859
285 346 343 389 sto
493 323 683 385 Tuscus..
708 320 1093 383 DISPUTATIONUM

286 484 392 561 maris
418 483 532 557 subita
553 482 751 581 tempestas,
774 502 883 579 quam
909 496 990 553 ante
1019 475 1170 575 provisa,
1197 492 1311 551 terret

288 582 492 681 navigantes
521 581 792 655 vehementius:
819 599 855 653 et
884 578 1055 675 ejusmodi
1080 577 1160 651 sunt
1188 578 1311 673 plera-

286 706 371 779 que.
422 682 491 754 Sed
515 704 600 753 cum
623 678 811 776 diligenter
837 678 1128 775 necopinatorum
1145 694 1314 749 naturam

287 780 498 867 confideres,
524 778 615 851 nihil
639 780 736 851 aliud
762 776 923 875 reperias,
951 774 1016 847 nist
1044 776 1165 849 omnia
1192 774 1315 850 videri

288 878 587 973 subita-majora:
621 879 832 973 etquidem
862 876 909 949 ob
941 878 1027 947 duas
1055 874 1198 957 causas;
1234 873 1314 971 pri·

285 1002 399 1065 mum,
416 976 526 1074 quod,
542 993 673 1073 quanta
695 976 764 1049 stnt
782 1000 861 1072 quae
883 972 1064 1061 accidunt,
1080 972 1313 1045 confideren-

287 1077 325 1149 di
342 1075 492 1172 spatium
517 1098 588 1147 non
606 1076 732 1147 datur:
759 1074 887 1147 deinde
906 1094 992 1144 cum
1012 1069 1154 1145 videtur
1169 1070 1311 1167 praeca-

285 1172 360 1247 veri
385 1172 548 1271 potuisse,
569 1174 598 1245 fi
619 1170 801 1270 provisum
827 1172 933 1255 esset3
960 1170 1059 1269 quast
1085 1171 1191 1266 culpa
1216 1192 1311 1243 con-

286 1272 442 1345 nadlum
458 1273 593 1345 malurn
607 1272 856 1369 aegritudinem
873 1269 1043 1343 acriorem
1058 1268 1154 1341 facit.
1193 1268 1314 1341 Quod

288 1368 337 1443 ita
359 1370 430 1443 esse
454 1370 528 1443 dies
552 1372 732 1445 declarat:
758 1392 840 1469 quae
860 1370 1054 1467 procedens
1081 1367 1129 1441 ita
1149 1365 1311 1465 mitigat,

287 1486 328 1541 ut
345 1467 469 1541 iisdem
492 1470 592 1542 malis
616 1470 839 1541 manentibus
864 1492 936 1539 non
962 1468 1070 1539 modo
1089 1466 1241 1539 leniatur
1259 1492 1311 1539 ae·

287 1567 446 1664 gritudo,
464 1566 578 1639 sedin
602 1567 776 1664 plerisque
796 1568 950 1641 tollatur.
1001 1562 1312 1661 Carthaginienses

288 1664 392 1739 multi
424 1666 554 1739 Romae
584 1664 803 1747 servierunt;
839 1666 1069 1748 Macedones,
1095 1686 1130 1735 re
1204 1664 1311 1737 Perse

288 1782 406 1861 capto.
444 1762 528 1837 Vidi
545 1762 653 1837 etiam
668 1762 704 1836 in
725 1762 977 1859 Peloponneso,
994 1787 1079 1841 cunt
1094 1688 1201 1835 essem
1219 1765 1310 1835 ado-

287 1862 433 1946 lescens,
460 1864 631 1959 quosdam
660 1862 886 1935 Corinthios:
919 1860 957 1932 hi
991 1876 1153 1959 poterant
1182 1886 1310 1933 omnes

287 1962 411 2033 eadem
435 1962 496 2031 illa
520 1963 564 2034 de
593 1961 844 2033 Andromacha
871 1961 1065 2057 deplorare,
1085 1960 1171 2031 Haec
1201 1960 1311 2031 oninia

286 2057 363 2129 vidi
375 2089 387 2129 .·
428 2058 487 2130 sed
516 2059 590 2155 jam
623 2060 894 2133 decantaverant
926 2058 1092 2131 sortasse:
1135 2082 1178 2131 eo
1209 2058 1310 2132 enim

285 2172 386 2228 erant
402 2156 517 2243 vultu,
535 2157 730 2243 noratione,
749 2158 845 2229 omni
864 2154 999 2253 reliquo
1020 2174 1121 2231 motu
1143 2174 1179 2227 et
1203 2158 1310 2243 statu,

157 2248 162 2264 '
286 2274 329 2327 ut
349 2278 408 2327 eos
433 2254 587 2355 Argivos
614 2274 675 2329 aut
705 2255 891 2355 Sicyonios
916 2254 1061 2341 diceres.
1112 2254 1310 2366 Magisque

288 2376 346 2427 me
372 2372 555 2429 moverant
581 2354 743 2429 Corinthi
773 2354 914 2428 ⁰subito
939 2353 1090 2450 aspedlae
1110 2355 1309 2451 parietrnae,

286 2466 424 2549 tquam
448 2452 539 2551 ipsos
564 2452 792 2539 Corinthios;
820 2478 973 2553 quorum
998 2451 1123 2527 animis
1139 2451 1310 2526 diuturna

326 2682 342 2712 ¹⁸
364 2674 498 2747 uarum]
525 2677 570 2733 Ita
591 2695 688 2735 omnes
709 2696 772 2735 om·
820 2676 860 2735 iii.
875 2696 904 2752 p.
919 2677 985 2755 528.
1003 2678 1042 2736 A.
1078 2674 1309 2752 Vs'sscs're-vus·¹

285 2754 354 2813 nino
374 2756 457 2815 MSS.
479 2765 513 2813 ut
536 2770 631 2813 ornatu
649 2758 720 2815 nihil
740 2760 772 2815 srt
814 2758 963 2836 peculatum
981 2755 1092 2835 irfiAEar,
1110 2778 1170 2835 que
1187 2755 1310 2829 habiant

285 2854 373 2911 opus,
396 2840 459 2911 quo·
472 2836 554 2893 modo
577 2836 724 2908 Manutius
745 2846 772 2895 et
819 2838 846 2895 iu
860 2838 1011 2915 parietinis.
1039 2836 1139 2895 Utitur
1148 2847 1176 2894 et
1190 2836 1310 2905 Plinius,

286 2916 441 2975 Lambinus
453 2918 658 2975 emendandum
674 2918 771 2975 censu·
820 2918 861 2976 H.
873 2918 912 2975 N.
923 2918 1053 2995 xxii-17.

286 3014 339 3055 ere.
374 2998 494 3054 Nemini
506 2998 569 3054 sane
581 2998 659 3065 latet,
669 2998 772 3057 sermo·
860 3004 873 3043 Ρ
907 3002 999 3071 Quam
1026 2996 1097 3075 ipsos
1129 2996 1308 3069 Corinthios]

285 3094 361 3141 mm,
376 3096 432 3133 non
445 3078 539 3134 minus
548 3097 637 3154 quam
651 3079 772 3147 vultum,
820 3078 936 3135 Ursinus
950 3080 975 3133 se
989 3078 1071 3135 malle
1092 3077 1215 3150 testatur,
1228 3096 1310 3154 quara

287 3174 338 3229 pm
350 3156 433 3213 variis
448 3156 536 3213 animi
556 3159 772 3234 perturbationiq
818 3158 864 3235 ipſs
879 3156 1011 3215 Corinthii.
1046 3158 1098 3215 Sed
1112 3159 1164 3215 hac
1177 3157 1248 3215 inre
1263 3156 1309 3213 ni·

285 3236 338 3291 hus
352 3236 563 3293 mutatumelse.
821 3237 874 3295 mis
898 3238 1126 3295 inconsideratum
1151 3236 1177 3293 se
1200 3237 1308 3314 praesti·

327 3314 452 3392 ‘qunbito
476 3316 584 3391 ‹rspeslae
609 3314 769 3393 parietina]
820 3318 857 3377 tit
876 3318 919 3375 vir
941 3318 988 3374 ille
1010 3316 1127 3387 dodiau
1148 3336 1206 3375 nou
1229 3317 1309 3375 enim

286 3394 440 3466 Psrt'ctinae,
461 3416 549 3472 quarn
576 3416 672 3466 rocem
705 3396 772 3453 alibi
821 3408 887 3463 erat,
910 3416 960 3457 cur
980 3398 1024 3455 vel
1050 3398 1169 3455 minime
1191 3396 1310 3472 quidem

285 3488 398 3551 quoque
408 3495 463 3533 nou
477 3477 580 3553 refugit
592 3476 699 3543 Cicero,
711 3476 773 3535 sunt
820 3479 982 3537 Ciceronem
991 3477 1242 3553 morerentaspesli
1250 3478 1311 3535 Co·

279 3556 408 3633 partitum
439 3556 531 3624 ruina,
554 3566 588 3615 ut
616 3576 651 3614 er
677 3558 773 3635 glolle·
822 3558 930 3625 cinthii,
944 3559 993 3633 qui
1015 3559 1093 3616 nulla
1113 3578 1170 3635 pne
1190 3556 1217 3615 se
1237 3557 1310 3615 sere·

286 3645 361 3693 mate
380 3634 574 3713 representatur
594 3636 722 3695 nonnulli
737 3638 771 3693 li·
820 3638 888 3695 bant
902 3639 1003 3695 indicia
1017 3638 1141 3697 miseria.
1174 3640 1217 3697 At
1232 3638 1310 3695 urbis

286 3715 329 3772 bri
343 3726 402 3785 =tarn
418 3714 500 3773 Mss.
515 3736 600 3793 quarn
614 3717 692 3776 editi.
723 3718 771 3775 Isi·
820 3719 991 3775 tamnohilis
1006 3719 1093 3777 ruinae
1106 3720 1230 3795 primum
1243 3718 1310 3775 risa

285 3797 378 3863 dorus,
403 3794 485 3871 Orig.
509 3797 558 3854 lib.
582 3817 629 3853 xv.
657 3816 719 3873 cap.
744 3798 772 3854 8.
821 3798 916 3855 animo
939 3818 995 3855 non
1019 3798 1127 3877 prorsus
1151 3798 1310 3873 inhumano

285 3874 436 3935 Parietinae
458 3874 572 3942 nciam,
593 3878 667 3955 quast
685 3878 774 3954 puris·
820 3878 941 3935 dolorem
960 3878 1058 3955 possint
1072 3880 1202 3949 incutere.
1244 3878 1310 3949 Pari

284 3967 339 4011 turn
362 3956 460 4013 πιὶπω.
494 3955 564 4016 Sunt
581 3956 647 4013 mins
661 3958 772 4033 parisus
821 3959 904 4015 modo
930 3958 1024 4034 Julius
1048 3958 1150 4028 Caesar,
1175 3956 1310 4015 Corinthi

274 4032 512 4111 stantcrfiuesedo
524 4047 549 4093 et
556 4038 617 4115 fine
628 4034 772 4107 bubuantiq
820 4039 881 4097 risis
897 4038 1047 4105 ruderibus,
1060 4040 1097 4106 εἰς
1115 4034 1243 4116 τοιαύτην
1255 4030 1311 4113 sih·

286 4110 343 4171 bus.
367 4116 557 4193 Hieronymus
570 4118 600 4175 in
614 4112 709 4175 Rufio.
720 4117 770 4175 lib.
819 4118 853 4177 hs
871 4120 1130 4189 ΣΥΜΠΑΘΕῙΑΝ
1148 4112 1175 4200 κζ,
1198 4119 1310 4200 praedo?

1224 4196 1310 4276 ’ξὶιν
