2817 4859
330 357 391 425 nn
409 358 582 424 mecm.
601 346 932 425 nummatus.
1093 370 1152 447 ,49

114 529 257 617 piedieriu,
271 539 339 619 qnia
358 542 466 603 iibmrii
480 544 614 602 rombuia
633 545 701 603 trita
714 564 765 623 pro
780 544 928 604 reconditis
941 542 1094 623 supponere
1108 542 1151 603 so-

115 638 185 704 lent,
205 656 263 699 non
282 640 345 697 viee
363 640 450 699 rcrsa.
488 638 576 699 Rene
599 642 733 717 quidem:
754 650 783 700 et
805 643 857 699 hoc
878 642 1041 719 pierumque
1064 640 1104 699 ita
1123 642 1150 699 se

116 736 211 796 tenet.
252 737 305 794 Sed
316 756 351 795 er
363 737 538 814 generalibus
553 738 609 798 iilia
620 739 703 797 Ano
716 738 898 815 nesciocuius
913 738 1026 797 Criticoe
1045 740 1149 817 regulis

114 850 173 889 non
190 832 228 889 en
247 834 281 889 de
299 832 367 891 locia
389 834 503 911 lingulis
524 834 659 892 sententia
679 833 800 893 serenda.
842 834 979 911 Equidem
998 854 1033 892 ne
1053 834 1083 893 in
1098 834 1148 895 iilo

113 930 231 1007 quidem
244 930 306 988 iooo
318 932 354 987 de
366 931 552 1000 Amicitiae.
566 932 625 991 uxi.
644 928 790 989 naturabid
808 931 923 988 amicitia
942 930 1075 1008 legerimq
1098 952 1148 990 ne·

113 1045 172 1102 que
184 1042 236 1104 pro
247 1048 306 1085 uno
318 1038 347 1085 et
361 1028 448 1086 altero
460 1028 574 1086 librario
585 1028 771 1105 pugnaverim
786 1026 913 1087 adversus
932 1037 1045 1087 centum
1065 1028 1145 1095 aliosi

112 1123 166 1198 qui
184 1123 304 1181 naturali
323 1124 363 1181 ibi
382 1125 525 1182 exhibent·
565 1124 626 1182 Cur
644 1126 708 1183 ita?
731 1124 798 1201 qnia
811 1124 940 1183 Ciceroni
951 1125 1002 1201 ipsi
1016 1122 1080 1201 pius
1093 1126 1146 1182 tri·

110 1213 179 1283 buo,
192 1236 278 1294 quant
290 1219 383 1277 coivit
394 1220 516 1279 librario.
554 1220 631 1279 Cum
645 1221 722 1277 enim
736 1220 783 1280 iile
796 1221 864 1279 locis
877 1220 934 1279 iere
946 1220 1079 1281 sexcentis
1092 1242 1144 1279 aa·

109 1312 207 1373 roratis
217 1312 340 1392 usurpet,
353 1332 405 1375 enr
415 1318 471 1375 hoc
482 1326 511 1373 et
526 1316 575 1373 iiio
587 1315 744 1375 naturabilia
756 1316 870 1384 dixerit,
881 1336 938 1393 quo
947 1316 1081 1389 vocabulo
1095 1314 1145 1375 ne?

107 1431 165 1487 quc
184 1410 242 1488 ipse
262 1409 341 1481 aliae,
354 1432 445 1489 neque
466 1406 538 1473 alius
557 1413 707 1491 quisquam
726 1434 758 1471 eo
779 1412 886 1473 saeculo
899 1414 973 1493 quod
989 1413 1089 1473 scimus
1103 1416 1141 1473 est

107 1506 194 1568 nsua?
224 1510 292 1568 Non
307 1509 426 1587 agnosco
436 1511 582 1569 Ciceronis
595 1520 653 1567 tam
667 1510 827 1568 affediatum
843 1520 871 1569 et
884 1508 1051 1589 κακόζηλον.
1082 1514 1139 1571 At·

103 1625 162 1684 que
173 1608 212 1665 fio
222 1604 256 1665 de
268 1609 356 1665 aitero
369 1608 431 1665 ioco
443 1607 552 1665 sentio:
575 1607 605 1666 in
620 1605 672 1665 hoc
686 1617 781 1666 autem
794 1618 931 1667 neutrum¹
939 1608 1075 1686 profedio,
1089 1632 1139 1667 ne·

103 1725 162 1781 quc
173 1704 322 1763 naturabile
334 1724 426 1781 neque
437 1705 566 1773 naturaie,
580 1706 672 1762 locum
685 1708 785 1763 habere
798 1706 895 1783 potest.
931 1707 1035 1764 Qualia
1050 1710 1139 1778 euim,

101 1800 145 1858 dii
159 1800 237 1869 boni,
256 1800 367 1859 oratio?
401 1802 449 1875 13st
467 1796 586 1859 naturaie
598 1815 709 1859 tenerum
729 1800 851 1880 quiddam
871 1814 896 1859 et
913 1800 993 1861 molit.
1032 1804 1136 1879 Apage
1210 1850 1215 1861 .

102 1896 183 1955 itiam
197 1896 315 1955 scabiem
330 1908 357 1955 et
370 1899 542 1975 porriginem
554 1901 593 1955 ab
602 1897 716 1955 nornine
728 1897 856 1955 omnium
870 1891 1025 1955 cuitiffimo.
1050 1897 1136 1969 Quis,

99 1994 153 2068 qni
164 1993 330 2051 Ciceronem
344 2012 471 2070 unquam
487 1992 671 2061 triverit..non
686 1994 723 2050 stc
737 1994 831 2070 potins
851 1989 977 2069 seripfiffe
996 1992 1135 2071 dejerare*

28 2166 32 2175 ι
99 2091 150 2157 rit,
165 2091 213 2166 Fst
231 2104 329 2149 natura
348 2106 461 2149 unctam
479 2088 603 2169 quiddam
621 2104 647 2147 et
660 2088 760 2147 matter
796 2090 892 2151 Quare
906 2092 942 2148 sic
953 2092 1135 2168 corrigendae

96 2188 137 2245 est
150 2200 228 2247 totus
241 2189 327 2247 iocur.
368 2185 424 2249 Sed
439 2190 473 2263 est
493 2203 624 2247 neuun
639 2190 759 2247 raanan
770 2188 862 2247 artinis
879 2203 990 2247 tenentur
1010 2188 1134 2267 quiddam

97 2300 179 2363 atque
189 2285 272 2355 molle,
284 2284 352 2363 qaod
361 2283 524 2361 egritudine,
537 2286 611 2363 qaafi
619 2286 773 2364 tenpestate,
783 2286 931 2363 quatiatur.
957 2287 1005 2343 Ita
1018 2286 1047 2343 in
1060 2284 1135 2344 Tus·
1228 2312 1233 2321 ·

95 2380 154 2437 eui.
171 2380 202 2438 ii.
220 2398 267 2440 ao.
287 2380 349 2437 loco
363 2381 429 2437 huic
440 2379 583 2439 simillimo
596 2390 625 2439 et
639 2381 722 2457 piane
735 2380 862 2457 gemello,
878 2380 923 2457 Est
936 2379 964 2437 r'n
975 2378 1067 2439 anintit
1079 2400 1133 2438 arn-
1252 2431 1256 2439 .

93 2478 168 2543 nium
188 2474 244 2535 iere
263 2487 363 2535 natma
382 2474 455 2535 nota
470 2474 603 2553 quiddam,
623 2475 763 2555 dtmffltnt,
778 2474 881 2535 barrile.
923 2474 1018 2533 Quare
1038 2474 1131 2551 ipsum

94 2574 273 2642 Ciceronem,
287 2574 429 2651 optimum
444 2574 554 2643 ducem,
568 2573 716 2651 sequamur
723 2598 732 2645 3
753 2582 782 2633 et
795 2574 932 2651 vapulent
945 2573 1061 2655 librarii.

136 2670 212 2747 Cap.
225 2672 265 2729 ix.
287 2671 324 2727 Ut
343 2669 499 2746 ffugiarqar
521 2670 672 2749 ambiguam
690 2691 776 2731 rumara
799 2669 919 2739 dividia,
939 2668 1006 2748 qaod
1022 2669 1130 2757 nabata

92 2765 201 2826 dudunt
214 2769 249 2842 est
260 2786 278 2825 a
292 2767 377 2825 nimio
388 2766 652 2843 intuendafhrtanan
664 2767 797 2841 alteriue]
821 2768 968 2835 Blanditur
981 2767 1051 2847 mihi
1065 2767 1129 2829 sane

92 2860 265 2939 conjedmta,
280 2882 354 2938 quaa,
374 2872 406 2921 ut
427 2864 486 2920 hare
504 2864 570 2939 legi,
582 2862 717 2922 contiuuo
732 2863 808 2923 venit
830 2862 858 2919 in
874 2871 1015 2919 mentemr
1039 2882 1127 2939 quam

91 2960 142 3017 etti
157 2978 251 3017 raram
265 2970 295 3015 et
313 2959 418 3017 certain
437 2941 489 3020 eise
507 2960 635 3035 praestare
653 2958 742 3017 nolim
752 2980 762 3029 3
783 2968 818 3019 ut
836 2954 1017 3013 erubescenda
1031 2942 1126 3039 tamen

91 3054 167 3115 mihi
181 3056 224 3123 nt,
238 3044 331 3113 nulius
345 3074 449 3116 vereor.
489 3056 642 3115 Quomodo
653 3073 719 3130 ergo
734 3053 840 3119 invidia
853 3072 871 3109 a
883 3051 956 3111 ruinis
969 3050 1125 3111 intuendo?

89 3152 177 3209 Certe
190 3153 240 3229 qui
255 3153 328 3210 nimis
342 3154 455 3212 intuetur
469 3152 612 3211 fortunam
626 3152 758 3224 alterius3
781 3170 831 3211 cur
844 3173 876 3213 eo
888 3150 978 3229 magis
990 3151 1038 3208 nbi
1053 3150 1127 3208 invi·

87 3248 168 3307 diam
183 3249 213 3304 in
228 3259 320 3308 mente
334 3248 453 3320 suscitet,
468 3270 555 3329 quam
572 3250 795 3315 admirationem,
810 3268 944 3316 amorem,
957 3258 985 3305 et
999 3246 1067 3305 alias
1081 3246 1125 3305 nf-

88 3344 227 3405 scfiionee
238 3348 274 3403 ab
287 3346 393 3404 inuidia
404 3343 640 3422 disjundiiffimaa,
653 3366 709 3404 non
724 3345 852 3423 equidem
863 3342 953 3402 video.
985 3342 1071 3401 Nimir
1083 3344 1124 3401 in*

88 3456 180 3501 turtur
192 3449 301 3501 amator
315 3444 454 3521 impotens
467 3454 496 3501 et
510 3446 644 3520 perditus,
657 3442 702 3501 t'ed
716 3462 772 3501 non
788 3443 903 3505 invidet.
943 3438 1029 3496 Nimis
1041 3440 1124 3496 intue-

85 3556 134 3599 tur
146 3542 250 3618 vuigur
263 3542 403 3599 fortunam
419 3541 550 3606 divitum,
564 3540 714 3605 nobilium,
727 3538 884 3615 potentium
897 3558 904 3593 :
927 3553 1016 3611 neque
1029 3547 1123 3593 tamen

85 3658 187 3697 ornnes
209 3640 352 3709 invident,
374 3640 465 3716 piures
483 3639 581 3695 colunt
599 3646 814 3709 enumerantur.
857 3635 932 3693 Quae
953 3635 971 3691 fi
993 3633 1064 3691 re'die
1077 3633 1123 3689 di-

85 3744 194 3791 cuntur
202 3757 212 3799 t
233 3735 356 3809 sequitur
376 3745 408 3791 ut
427 3753 484 3791 non
498 3734 571 3791 redte
583 3752 672 3810 neque
686 3732 797 3809 proprie
811 3730 917 3789 invidia
929 3728 1038 3787 dicatur
1052 3748 1068 3785 a
1081 3731 1123 3787 ni·

82 3832 136 3887 mis
150 3830 278 3887 intuendo.
320 3832 392 3888 Vide
405 3848 480 3888 nnnc
494 3831 612 3888 nostram
627 3828 826 3905 conjediuram.
868 3826 1006 3904 Equidem
1025 3825 1060 3881 stc
1082 3824 1122 3879 ie·

81 3928 188 4005 gerim,
206 3928 242 3983 Ut
251 3925 407 4003 effugiamus
419 3926 569 4003 ambiguum
581 3944 669 3992 nornen
680 3923 805 3991 invidia,
816 3922 884 4001 qaod
894 3918 1001 3979 uerbera
1014 3910 1121 3977 duuiani

81 4025 123 4098 est
138 4045 161 4081 a
183 4017 301 4081 altatis
319 4024 435 4081 intentati>
449 4025 585 4099 fortunam
603 4022 720 4080 alterius.
761 4020 838 4078 Nam
860 4018 927 4075 itmit
946 4014 1038 4073 intueri
1054 4026 1120 4091 pro·
1238 4095 1244 4106 Ι

85 4124 186 4201 prium
208 4121 264 4181 fere
284 4135 312 4179 ct
325 4122 513 4199 peculiareest
526 4120 654 4183 invidiae.
679 4118 814 4176 Horatius
829 4114 926 4183 noster,
941 4112 1027 4189 Epist.
1039 4113 1057 4169 i.
1074 4128 1119 4187 14.

609 4237 628 4273 Γ*
645 4236 664 4293 ἕ
