2817 4859
229 400 233 407 ’
303 420 373 479 ψ
520 398 715 459 TUSCUL.
740 398 1123 460 DISPUTATIONUM

313 561 463 633 modum
479 582 628 655 parvum
644 588 654 632 t
679 561 799 646 altera,
816 576 851 631 et
869 560 912 631 de
930 558 1111 633 communi
1128 555 1307 629 conditione

316 658 411 747 vita,
427 676 463 731 et
485 658 625 753 proprie
653 658 681 730 fi
708 657 797 756 quid
824 659 868 731 fit
894 660 938 731 de
964 659 1072 755 ipfius
1097 656 1158 754 qui
1183 676 1309 731 moeteat

315 756 589 854 disputandum:
614 756 729 847 tertia,
747 758 918 829 summam
944 756 1012 831 esse
1039 754 1215 828 stultitiam
1236 746 1310 827 srus·

314 874 368 927 tra
385 855 517 929 confici
534 877 698 938 moerore‚
717 880 801 928 cum
818 853 991 953 intelligas
1015 854 1106 927 nihil
1129 855 1220 952 posse
1243 876 1309 951 pro

315 953 392 1027 fici.
442 954 538 1027 Nam
564 952 753 1027 Cleanthes
779 956 925 1052 quidem
951 955 1148 1051 Sapientem
1173 952 1310 1026 consola·

315 1072 387 1141 tur,
416 1052 478 1150 qui
507 1052 747 1125 consolatione
776 1078 847 1125 non
878 1071 983 1151 eget:
1022 1052 1111 1125 nihil
1140 1051 1229 1124 enim
1254 1050 1308 1122 esse

316 1153 450 1225 malum
474 1153 572 1248 quod
594 1169 697 1249 turpe
725 1177 795 1224 non
822 1153 920 1239 fit‚fi
943 1152 1081 1248 lugenti
1108 1146 1308 1249 persuaserim

316 1274 389 1323 non
412 1268 452 1322 tu
477 1250 529 1323 illi
554 1252 708 1339 Iustum,
725 1251 784 1323 sed
808 1250 990 1323 stultitiam
1016 1250 1220 1323 detraxeris:
1243 1247 1309 1319 alie·

318 1372 406 1437 num
426 1369 545 1422 autem
562 1366 701 1447 tempus
727 1350 891 1423 docendi.
941 1351 989 1422 Et
1014 1366 1131 1422 tamen
1159 1346 1309 1419 nonsatis

319 1446 407 1519 mihi
424 1448 567 1521 videtur
582 1447 708 1521 vidisse
726 1449 794 1521 hoc
814 1449 1014 1535 Cleanthes,
1036 1447 1158 1544 suscipi
1174 1446 1308 1541 aliquan·

318 1548 367 1618 do
392 1544 641 1643 aegritudinem
665 1549 763 1645 posse
789 1572 834 1619 ex
859 1572 901 1618 eo
921 1547 1009 1643 ipsc,
1028 1549 1126 1643 quod
1149 1546 1213 1618 else
1235 1544 1310 1615 sum-

319 1670 419 1717 mum
444 1648 578 1719 malum
595 1646 784 1719 Cleanthes
809 1647 880 1743 ipse
906 1647 1069 1717 fateatur.
1119 1642 1212 1719 Quid
1233 1642 1310 1713 enim

320 1745 493 1835 dicemus,
521 1758 630 1817 Pcum
660 1746 819 1817 Socrates
845 1744 1027 1816 Alcibiadi
1053 1744 1259 1841 persuasisset,
1278 1758 1310 1810 ut

319 1843 536 1941 accepimus,
554 1870 636 1916 eum
660 1842 752 1917 nihil
777 1843 929 1915 hominis
955 1844 1039 1933 esse,
1056 1866 1120 1917 nec
1145 1843 1309 1941 quicquam

319 1943 412 2018 inter
438 1942 664 2035 Alcibiadem
690 1944 828 2014 summo
860 1943 943 2014 loco
970 1960 1094 2015 natum
1118 1962 1150 2015 et
1176 1936 1308 2037 quemvis

321 2042 481 2136 bajulum
511 2038 693 2125 interesse3
729 2065 812 2113 cum
842 2040 874 2111 se
905 2040 1108 2114 Alcibiades
1137 2041 1308 2127 afflisiaret,

320 2139 587 2235 lacrymansque
604 2139 741 2211 Socrati
759 2138 907 2237 supplex
923 2140 1021 2229 esset,
1034 2160 1074 2213 ut
1089 2142 1153 2213 fibi
1169 2138 1309 2211 virtutem

322 2240 475 2311 traderet
503 2236 832 2335 turpitudinemque
862 2239 1075 2335 depelleret:
1120 2239 1202 2337 quid
1231 2236 1309 2309 dice·
1383 2248 1384 2327 ᾖ

323 2362 415 2425 mus,
439 2336 642 2411 Cleanthe?
668 2350 783 2409 qrrum
804 2335 840 2408 in
864 2337 924 2409 illa
949 2362 998 2426 te,
1022 2364 1102 2435 quae
1131 2334 1308 2434 egritudine

269 2519 272 2525 ,
323 2436 550 2509 Alcibiadem
578 2434 770 2519 afficiebat,
796 2436 879 2508 mali
910 2434 1001 2508 nihil
1028 2436 1156 2509 fuisse?
1204 2432 1307 2507 Quid?

324 2533 386 2606 illa
414 2534 568 2630 Lyconis
596 2534 715 2631 qualia
741 2534 846 2606 sunt?
877 2535 939 2630 qui
969 2532 1210 2633 aegritudinem
1232 2549 1309 2604 exte-

325 2656 451 2721 nuans,
467 2631 580 2728 parvis
597 2632 646 2705 ait
662 2656 740 2703 eam
757 2632 860 2705 rebus
878 2636 1025 2721 moveri,
1043 2634 1189 2707 sortunae
1204 2648 1234 2703 et
1248 2652 1309 2701 cor-

324 2729 419 2841 poris
444 2728 693 2819 incommodis,
712 2755 782 2803 non
809 2730 915 2803 animi
941 2734 1054 2805 malis.
1106 2730 1198 2805 Ouid
1220 2726 1308 2825 ergo?
1382 2764 1383 2777 κ

325 2830 429 2911 illud,
445 2831 543 2923 quod
561 2828 766 2902 Alcibiades
791 2830 945 2920 dolebat,
965 2856 1036 2903 non
1054 2828 1214 2903 exanimi
1232 2822 1309 2898 malis
1382 2842 1383 2845 ’

323 2928 489 3026 vitiisque
506 2928 714 3000 constabat?
759 2930 818 3000 Ad
836 2928 982 3025 Epicuri
1000 2930 1258 3001 consolationem
1272 2922 1287 2992 s
1299 2962 1311 2977 -

324 3026 369 3097 tis
387 3029 436 3098 est
453 3044 532 3097 ante
548 3026 701 3099 dissum,

373 3124 557 3197 XXXIII.
584 3126 643 3197 Ne
670 3124 731 3197 illa
757 3123 903 3221 quidem
928 3124 1124 3199 firmissima
1150 3115 1311 3197 consolatio

325 3224 389 3313 est,
419 3236 646 3319 ‘quanquam
674 3241 710 3295 et
741 3224 868 3299 usitata
901 3226 963 3313 est,
991 3244 1027 3299 et
1055 3226 1142 3323 saepe
1170 3216 1309 3327 prodest:
1381 3230 1382 3257 l

365 3494 381 3533 Ρ
402 3486 468 3544 Cum
484 3485 599 3543 Matar
612 3486 743 3545 Alcibiadi
752 3503 813 3565 per-
860 3488 903 3545 ed.
918 3488 1009 3563 Lugd.

316 3566 448 3646 saafiffltl
465 3566 649 3643 Augtrssioua‚
662 3567 697 3624 C.
712 3568 750 3627 D.
763 3569 814 3626 lib.
900 3577 913 3615 ἢ
928 3568 1009 3625 Num
1024 3569 1051 3624 in
1064 3566 1160 3639 illan]
1175 3563 1312 3639 volmar

326 3648 386 3706 xiv.
398 3665 461 3721 cap.
478 3646 506 3703 8.
539 3647 699 3705 Alcibiadem
708 3648 813 3721 senene,
862 3648 888 3703 in
900 3647 947 3703 illa
960 3666 996 3714 rc,
1008 3648 1081 3723 quod
1094 3666 1125 3733 epi
1137 3645 1200 3703 Pell.
1211 3642 1256 3699 sois
1267 3654 1313 3693 ma·

315 3729 397 3803 stuta
412 3725 444 3784 dc
461 3727 558 3784 nomine
576 3727 679 3785 mutuis
697 3730 815 3785 memoria
862 3728 887 3785 le
901 3728 1001 3803 recepit
1014 3728 1180 3785 Gebhardus.
1203 3725 1313 3780 Attamen

325 3806 476 3880 confossis,
489 3828 545 3863 cum
558 3808 613 3883 fiii
633 3808 723 3865 butus
739 3808 814 3869 vide·
863 3809 932 3885 Reg.
956 3810 1091 3866 Pithtean.
1113 3806 1208 3881 aliique
1230 3798 1314 3857 codloe⁸

326 3901 414 3957 retur,
437 3887 542 3945 &nau
560 3886 712 3966 disputante,
735 3889 814 3957 etei,
863 3889 913 3945 islo
929 3889 999 3946 vitio
1019 3889 1149 3947 laborant.
1180 3884 1235 3942 Nos
1252 3870 1314 3935 Eds·

326 3984 405 4042 quam
428 3966 497 4044 miser
512 3966 570 4045 effla
588 3969 704 4047 quomam
714 3969 815 4043 stultas
863 3958 1314 4036 mum,Vtuorium‚Maautiumet

326 4047 393 4121 effit,
404 4044 710 4127 demonstraatqfleviffl.
752 4050 814 4105 Hoc
863 4050 1046 4119 Lambinum,
1058 4050 1136 4105 duces
1149 4048 1275 4101 habemus·

327 4134 421 4181 antean
443 4128 570 4200 praestitit
593 4131 717 4186 Socrates
740 4132 814 4205 apud
904 4134 1095 4207 ‘Quarquerni
1113 4126 1235 4201 “tyllam
1251 4115 1313 4191 ‘spel
1379 4168 1380 4177 ÷

127 4285 132 4295 ι
258 4203 260 4206 ’
329 4203 474 4268 Pl²tonem
494 4208 525 4264 io
538 4208 631 4268 Alcib.
646 4208 665 4268 i.
686 4228 751 4291 pag.
765 4211 815 4283 38.
854 4208 1046 4289 saepcprodcst]
1069 4208 1132 4273 Hoc
1152 4192 1312 4286 speoantele·
