2817 4859
253 391 313 452 492
583 367 952 432 EMENDATIONES
1069 362 1073 366 “

253 569 310 607 curn
323 547 469 626 exspeHutin
474 545 642 626 speratarum
654 547 818 626 uoluptatum
826 557 1005 626 perceptarum
1017 544 1135 605 memoria
1150 543 1286 624 jungere·

254 647 324 720 tun]
346 645 392 708 Ne
406 645 497 703 secum
516 644 671 702 discordent
683 655 818 722 tempora,
831 645 948 722 corrige,
960 645 1036 703 Cute
1046 658 1221 724 perceptarum
1233 663 1289 704 ne·

253 743 332 800 norm
346 759 522 808 Junotrun.

292 842 365 917 Cap.
383 842 478 898 xxxiv.
500 839 589 900 Labor
602 841 628 897 in
641 851 751 911 veum,
760 838 1001 916 sedunensium
1015 837 1233 914 aemesam,
1241 839 1288 915 st·

253 938 311 1014 ric]
334 939 382 996 Tu
404 941 464 996 haec
482 939 564 996 verba
584 939 743 996 iambicum
756 937 943 996 Ollonarium
956 933 1061 994 efficere
1074 936 1288 1004 animadvertis,

254 1037 323 1094 fiad
335 1037 439 1113 digito·
456 1036 623 1111 exigantur:
646 1035 721 1094 unde
741 1047 862 1097 avetere
881 1035 1004 1112 quodam
1024 1043 1105 1109 poeta
1124 1032 1288 1090 desumtum

253 1133 403 1192 arbitraris.
444 1131 537 1208 Atqui
563 1149 641 1188 aurea
668 1133 721 1188 boe
743 1131 902 1208 repudiant,
926 1148 1047 1207 quarum
1066 1126 1206 1204 judicium
1229 1147 1290 1186 uua

253 1251 317 1290 cum
333 1229 429 1306 digitis
445 1229 632 1288 adhibendum
646 1229 694 1286 eti.
725 1229 814 1287 Nulla
826 1227 903 1286 enim
918 1229 965 1286 bic
979 1226 1132 1286 modulatio
1141 1251 1150 1295 ;
1171 1227 1285 1284 numeri

252 1327 356 1387 absoni.
398 1315 500 1401 Neque
514 1345 578 1383 vern
596 1325 671 1384 ulluu
691 1325 739 1382 hic
751 1323 840 1381 versui
860 1324 939 1381 locue
951 1323 1000 1382 est.
1039 1322 1115 1379 Cum
1129 1322 1207 1379 enim
1221 1341 1289 1379 vera

252 1425 297 1482 bic
319 1421 430 1482 historia
450 1431 583 1488 narretur,
598 1422 648 1498 qui
669 1419 762 1498 quaeso
776 1421 871 1497 potuit
882 1441 990 1498 coqnua
1002 1421 1155 1497 Spartanus
1167 1420 1289 1477 verucu-

250 1521 311 1580 lum
332 1518 467 1578 Latinum
487 1519 661 1576 memorare?
683 1515 837 1594 praesertim
857 1529 1009 1595 antequam
1032 1526 1084 1574 aut
1105 1516 1215 1574 Ennius
1237 1527 1291 1574 aut

250 1618 325 1676 ullus
341 1618 506 1676 Latinorum
520 1626 666 1693 poctarum
681 1615 849 1677 nasceretur.
889 1617 987 1676 Quare
999 1615 1082 1672 verba
1094 1614 1188 1693 potius
1202 1615 1290 1678 Cioe·

251 1715 326 1776 ronia
340 1717 403 1782 smt,
417 1725 452 1774 ut
463 1715 596 1774 tradimus
610 1715 675 1772 sunt
688 1715 856 1775 existimata.
880 1781 884 1790 ¹

291 1815 364 1874 lbid.
390 1815 476 1892 Quane
491 1814 572 1872 multo
586 1832 618 1870 ee
633 1826 702 1872 terro
717 1813 899 1893 arboribusque
907 1813 1065 1892 gignentur,
1079 1834 1135 1874 eun
1148 1816 1223 1894 copia
1231 1814 1289 1889 fa·

249 1911 303 1981 cili,
317 1923 371 1970 turn
377 1911 516 1988 suavitate
526 1909 701 1988 prestantia]
723 1911 771 1968 Tu
785 1911 917 1969 Lambini
931 1913 1152 1971 emendationem
1172 1914 1288 1989 probae,

251 2009 319 2068 Cum
331 2008 401 2085 copia
404 2007 494 2081 sacili,
505 2021 561 2062 turn
566 2005 709 2082 strenuitate
721 2024 901 2066 futurarm
912 2029 919 2064 ι
944 2007 1031 2066 Quod
1042 2008 1097 2066 srne
1110 2009 1197 2066 dubio
1212 2027 1287 2086 pm·

248 2105 392 2164 serendum
412 2103 450 2160 est
471 2103 600 2180 vulgato:
624 2113 661 2171 et,
682 2103 702 2160 sr
725 2104 811 2162 codex
834 2105 981 2172 accederet,
1006 2125 1063 2162 non
1086 2125 1284 2185 repugnarem.

248 2203 311 2272 Sed,
326 2201 394 2278 quia
408 2199 437 2258 id
450 2219 505 2260 non
521 2199 568 2268 eli,
582 2201 618 2256 fic
631 2199 761 2276 equidem
783 2201 893 2270 malim,
908 2201 975 2262 Cura
986 2202 1058 2281 copia
1072 2218 1216 2272 recreta,
1227 2217 1285 2261 tun

236 2299 379 2379 suavitate
387 2298 549 2378 prestantia.

288 2399 361 2474 Cap.
376 2415 461 2454 xxxv.
486 2395 542 2454 Cur
563 2395 645 2472 igitur
665 2393 771 2454 diuitiae
791 2393 986 2473 dcfidmnrur?
1012 2411 1062 2454 aut
1083 2397 1127 2455 ubi
1143 2413 1288 2477 paupertas

248 2493 331 2554 beatas
344 2494 390 2572 effi
402 2493 550 2569 nonstnr't?
584 2491 683 2569 Signis,
696 2492 777 2559 credo,
790 2491 897 2561 rabulis,
911 2493 995 2552 ludia.
1023 2493 1056 2552 Si
1067 2495 1125 2573 quis
1138 2497 1173 2571 est
1184 2497 1234 2575 qui
1247 2497 1287 2554 ln's

246 2587 401 2660 debeldum
421 2607 499 2646 nonne
523 2587 610 2646 melius
630 2602 716 2646 tenues
735 2589 843 2646 homines
856 2589 1000 2663 fruuntur,
1016 2611 1094 2670 quarn
1117 2591 1224 2670 iniqui
1246 2589 1287 2650 lis

246 2683 410 2744 abundant?
442 2687 489 2759 Est
508 2685 573 2745 enim
593 2705 680 2742 aarum
700 2686 810 2742 ommuni
829 2705 914 2743 rerum
927 2687 1010 2762 nostra
1024 2689 1052 2744 in
1064 2687 1127 2745 urbe
1134 2688 1244 2765 furam
1256 2690 1286 2746 ie

242 2782 344 2862 publico
356 2783 448 2862 copia:
469 2803 528 2862 quae
541 2783 585 2862 qui
598 2784 705 2862 privari
726 2781 830 2852 babent,
842 2803 887 2841 nec
906 2798 961 2841 tarn
975 2784 1059 2844 multa
1071 2796 1096 2842 et
1108 2806 1171 2843 raro
1182 2785 1276 2844 videet

244 2903 300 2940 curn
315 2885 342 2942 in
350 2884 406 2960 sua
421 2905 485 2942 rura
498 2897 643 2942 emerunt:
664 2903 726 2963 quos
746 2893 830 2940 tamen
843 2885 941 2961 pungit
956 2881 1067 2963 aliquid,
1081 2905 1139 2942 curn
1153 2884 1202 2943 itta
1215 2884 1285 2944 unde

245 2979 356 3038 babeant
368 2979 552 3055 recordentur]
566 2983 673 3040 Totum
690 2983 765 3038 hunc
780 2981 873 3038 locum
888 2981 990 3038 necesse
1003 2995 1061 3039 erat
1074 2981 1236 3052 describere,
1250 2993 1285 3042 ut

244 3077 356 3136 saciliua
370 3077 492 3154 intelligi
507 3079 593 3156 pont,
607 3079 676 3154 quid
691 3077 786 3136 velim.
828 3077 901 3135 Vide
922 3077 1011 3154 igitur
1029 3078 1099 3137 illud
1115 3098 1231 3139 eunte:
1253 3091 1282 3139 et

244 3191 330 3251 quam
346 3173 418 3230 male
431 3175 457 3230 ci
469 3175 616 3230 conveniat
629 3193 695 3230 cum
709 3173 896 3250 sequentibus,
908 3173 1038 3251 perspice.
1084 3176 1161 3252 Qua,
1176 3179 1283 3255 inquit,

243 3270 288 3350 qui
304 3268 404 3349 priuati
418 3267 530 3327 labem.-
552 3289 589 3327 an
611 3269 702 3328 babere
712 3269 785 3328 ludos
799 3273 902 3330 Latine
913 3273 1038 3332 dicitur?
1058 3291 1094 3332 an
1109 3275 1215 3352 privati
1229 3253 1282 3335 au-

242 3379 300 3428 tem
314 3369 392 3426 domi
408 3369 487 3426 ludos
501 3363 683 3426 instituebant
691 3370 701 3424 l
736 3367 871 3445 Sequitur
885 3389 961 3436 moa,
974 3369 1012 3428 Et
1028 3389 1088 3428 raro
1102 3371 1205 3442 vident,
1223 3393 1283 3432 cun
1323 3405 1328 3413 ·

242 3465 411 3546 insitarum
430 3479 576 3524 venerunt:
598 3465 651 3522 hoc
661 3465 750 3542 figeris
762 3475 791 3522 et
804 3465 901 3524 rabulis
914 3469 985 3523 bene
1006 3470 1148 3539 convenit,
1170 3492 1236 3547 qnae
1250 3473 1282 3529 in

242 3564 316 3624 villia
338 3561 392 3622 suis
413 3563 511 3620 habere
529 3561 653 3620 Romani
668 3581 793 3639 proceres
807 3561 1025 3624 consuevetantr
1048 3564 1133 3632 Ιιιῶι
1146 3587 1214 3628 vero
1226 3567 1284 3626 mi·

242 3663 330 3722 nime.
373 3661 414 3718 Ut
430 3671 458 3718 et
472 3660 541 3718 illud
562 3661 682 3738 denique
697 3662 796 3740 pungit
808 3661 925 3740 alquid5
947 3665 984 3720 ob
996 3663 1161 3740 peculatum
1177 3664 1283 3726 scilioet

241 3769 269 3816 et
283 3757 457 3834 sacrilegium
474 3757 528 3814 ase
541 3758 687 3815 admissum
701 3782 709 3816 ι
731 3760 896 3836 plerumque
908 3761 1074 3838 enimſsgna
1086 3761 1138 3821 illa
1155 3773 1186 3821 et
1198 3761 1282 3821 tabu·

240 3855 276 3912 Ie
288 3875 303 3912 e
317 3854 424 3913 Graecia
438 3855 552 3912 urbibus
566 3851 733 3930 templisque
747 3855 846 3932 rapina
860 3864 910 3914 aut
922 3855 1000 3914 surto
1011 3855 1113 3915 ablate
1125 3869 1223 3924 erant3
1242 3858 1281 3916 de

239 3971 298 4028 qua
312 3971 340 4008 re
354 3949 464 4008 consule
477 3949 600 4008 adilones
617 3951 645 4008 in
661 3951 786 4010 Verrem.
820 3952 873 4010 Sed
886 3954 956 4029 quid
969 3953 1033 4020 hoc,
1045 3953 1156 4012 obsecro
1167 3957 1203 4012 ad
1217 3957 1280 4014 Le·

238 4048 283 4106 dos
302 4047 442 4124 pertinet?
476 4048 565 4106 Vides
580 4046 653 4124 jam,
672 4048 784 4125 opinor,
804 4049 931 4108 lectionis
955 4059 1073 4128 recepte
1095 4051 1277 4127 pravitatem·

237 4148 286 4212 Te
298 4135 366 4224 'lege
388 4165 443 4209 non
468 4146 632 4226 iramagna
654 4149 828 4222 mutatione,
850 4152 878 4210 ᾶ
898 4151 975 4212 enim
996 4148 1277 4216 munientibus
1403 4157 1404 4177 ¹
