2817 4859
274 350 316 439 ιβ
481 344 673 409 wacon.
701 342 1090 405 DISPUTATIONUM

189 576 190 582 ,
266 504 306 577 in
325 502 490 577 Graecia:
518 503 750 593 reminiscere,
773 504 944 600 quoniam
968 528 1004 576 es
1029 500 1200 591 initiatus,
1215 526 1307 599 quae

269 604 457 676 traduntur
482 602 680 697 mysteriis:
706 620 786 677 tum
809 601 977 700 denique,
997 624 1106 699 quam
1130 599 1203 675 boc
1227 602 1304 675 late

268 718 398 800 pateat,
422 701 611 799 intelliges.
661 702 732 775 Sed
748 700 812 815 qui
835 701 997 775 nondum
1019 724 1061 773 ea
1080 724 1160 798 quae
1176 699 1308 776 multis

268 800 349 897 post
376 802 476 877 annis
507 798 650 875 tradlari
680 800 870 897 coeprssent
901 797 1052 899 Phyfica
1081 797 1303 890 didiciffent,

267 916 409 975 tantum
440 898 506 973 fibi
540 900 789 997 persuaserant,
818 915 994 997 quantum
1021 912 1147 973 natura
1170 899 1302 974 admo-

268 1015 375 1071 nente
399 1015 668 1097 cognoverant:
699 998 850 1073 rationes
875 1013 913 1071 et
934 997 1054 1071 causas
1077 1020 1195 1071 rerum
1223 1022 1304 1073 non

242 1142 249 1149 ·
266 1098 459 1183 tenebant;
475 1098 558 1173 vista
574 1095 789 1196 quibusdam
805 1098 896 1195 saepe
911 1097 1159 1183 movebantur,
1171 1095 1305 1197 hisque

267 1195 423 1271 mxime
439 1196 638 1282 nocturnis,
656 1214 698 1271 ut
713 1198 930 1285 riderentur,
946 1194 987 1271 bi
1003 1192 1066 1294 qui
1083 1196 1159 1269 vita
1173 1195 1303 1269 exces-

267 1294 380 1369 serant
403 1296 534 1371 vivere.
585 1296 641 1371 Ut
665 1320 773 1394 porro
804 1293 1046 1371 firmiffimum
1077 1294 1147 1368 boc
1175 1291 1300 1369 afferri

238 1391 409 1467 ,videtur
438 1418 502 1467 cur
529 1396 614 1470 deos
640 1395 711 1468 esse
740 1397 937 1483 credamus,
962 1396 1063 1505 quod
1086 1394 1185 1467 nulla
1209 1417 1303 1491 gens

133 1540 137 1549 -
241 1499 246 1563 't
267 1494 437 1582 ramlera,
453 1518 558 1567 nemo
569 1492 732 1569 omnium
748 1508 822 1567 tam
835 1496 876 1567 sit
891 1492 1178 1587 immanre,eujus
1194 1514 1299 1565 men-

265 1608 339 1664 tem
365 1616 437 1665 non
463 1592 633 1666 imbuerit
658 1594 808 1665 deorum
830 1590 965 1689 opinio.
1014 1590 1131 1663 Multi
1153 1592 1198 1663 de
1216 1588 1300 1665 Diis

265 1714 372 1787 prava
392 1690 569 1767 sentiunt:
601 1692 641 1765 id
665 1692 762 1765 enim
783 1690 911 1765 vitioso
932 1714 1032 1765 more
1055 1688 1154 1766 effici
1178 1688 1298 1766 solete

234 1798 236 1805 ’
264 1812 387 1863 omnes
404 1806 521 1863 tamen
539 1790 608 1865 esse
625 1788 699 1865 vim
717 1806 754 1863 et
768 1806 929 1863 namrarn
944 1787 1104 1863 divinam
1118 1787 1298 1863 arbitran-

263 1904 334 1960 tur.
384 1888 468 1963 Nee
480 1914 565 1963 vero
585 1888 623 1963 id
639 1889 834 1963 collocutio
859 1886 1049 1961 hominum
1065 1902 1127 1960 aut
1142 1887 1297 1961 consen·

263 1985 320 2059 sus
337 1986 448 2060 efficit
464 2016 472 2059 :
501 2013 573 2062 non
589 1987 756 2061 institutis
770 1984 895 2085 opinio
911 1987 963 2062 est
978 1986 1202 2072 confirmata,
1216 2011 1294 2063 non

263 2082 416 2181 legibus.
449 2085 562 2159 Omni
579 2104 697 2161 autem
715 2087 753 2158 in
769 2111 806 2158 re
823 2084 1008 2159 consensro
1023 2084 1186 2159 omnium
1203 2110 1296 2183 gen·

263 2179 357 2257 tium
381 2184 441 2257 lex
464 2201 599 2258 naturae
623 2186 781 2297 putanda
805 2184 868 2260 est.
918 2183 1013 2258 Quis
1034 2183 1087 2257 est
1102 2183 1213 2283 igitur
1227 2184 1296 2283 qui

173 2352 175 2359 ,
262 2278 407 2355 suorum
421 2301 573 2365 mortem
585 2308 743 2383 prrmum
756 2307 829 2357 non
843 2308 887 2357 eo
898 2284 1033 2382 lugeat,
1043 2284 1143 2381 quod
1155 2306 1216 2357 eos
1233 2306 1296 2356 or-

262 2380 363 2453 batos
378 2381 461 2457 vitae
486 2380 686 2456 commodis
711 2382 927 2457 arbitretur?
969 2380 1076 2455 Tolle
1100 2382 1195 2456 hauc
1210 2380 1295 2481 opi-

260 2477 430 2554 nionem:
467 2482 611 2554 ludtum
644 2478 832 2555 sustuleris.
881 2481 1002 2554 Nemo
1033 2479 1131 2553 enirn
1162 2498 1297 2555 moeret

260 2577 324 2647 suo
341 2575 583 2655 incommodo.
635 2580 772 2651 Dolent
788 2578 942 2670 fortaffe,
958 2595 995 2652 et
1010 2595 1215 2676 anguntur:
1231 2578 1296 2655 sed

258 2671 320 2745 illa
335 2674 497 2771 lugubris
513 2676 719 2750 lamentatio
734 2676 909 2774 fletusque
931 2700 1085 2750 moerens
1102 2702 1149 2750 ex
1163 2702 1208 2751 eo
1225 2678 1295 2766 est,

259 2774 359 2869 quod
384 2798 467 2847 eurn
491 2800 599 2872 quern
624 2772 814 2852 dileximus
834 2774 919 2849 vitae
941 2774 1140 2850 commodis
1168 2775 1293 2874 priva-

258 2886 336 2943 tum
368 2874 591 2963 arbitramur,
624 2872 734 2976 idque
769 2872 907 2949 sentire.
959 2874 1105 2973 ⁸Atque
1136 2874 1208 2948 boc
1238 2875 1294 2949 ita

257 2968 427 3077 sentimus
452 2990 575 3047 natura
598 2974 704 3059 duce,
720 2974 819 3047 nulla
842 2970 978 3047 ratione
1002 2974 1173 3072 nullaque
1197 2974 1292 3049 doc-

258 3082 361 3143 rnna.

257 3318 317 3375 hanc
330 3322 390 3373 tota
403 3315 540 3376 laudatur.
580 3314 638 3375 Hic
651 3324 746 3375 autem
795 3320 878 3377 nibua
910 3316 1123 3396 Apologeticir3
1163 3318 1293 3381 maxime

257 3393 441 3471 repraesentat,
450 3417 553 3473 meorum
560 3398 746 3459 demonsiren·
795 3398 909 3475 quidem
922 3420 956 3457 ex
967 3398 1089 3457 Firmioo
1097 3399 1131 3456 de
1141 3398 1290 3460 Ernl'rof.

257 3488 306 3531 tur
325 3473 576 3556 sepulchra-qua
602 3479 747 3536 tradantur
794 3479 858 3536 Rel.
884 3498 947 3557 cap.
976 3496 1004 3538 a.
1037 3478 1115 3556 seqq.
1148 3479 1193 3538 ed.
1221 3480 1290 3542 cot.

255 3554 392 3629 affertis,
418 3556 464 3613 ille
483 3578 556 3627 vero,
576 3556 743 3635 demonstran·
793 3560 868 3635 Agr.
891 3569 920 3615 et
942 3558 1088 3617 Clemente
1115 3558 1290 3619 Alexandri.

256 3648 300 3692 tur
312 3645 339 3692 et
352 3632 511 3704 nodantur,
535 3657 567 3694 ac
587 3639 621 3696 ad
642 3638 745 3696 alteru·
793 3657 832 3695 no
845 3640 874 3696 in
888 3639 974 3697 Protr.
990 3658 1054 3716 pag.
1071 3656 1118 3697 10.
1132 3640 1175 3697 ed.
1189 3640 1288 3700 Oxon.

255 3726 331 3772 trum
350 3716 463 3773 modum
476 3717 566 3773 Tullii
586 3716 746 3794 retingenda
792 3718 872 3794 cujus
886 3721 967 3776 rerba
981 3719 1086 3795 profert
1099 3719 1185 3777 etiam
1198 3720 1290 3779 Euse-

254 3793 318 3851 sunt
331 3794 508 3871 exemplaria.
534 3797 743 3855 Adolescentem
791 3800 866 3863 biua,
878 3800 923 3857 Pr.
936 3799 1045 3877 Evang.
1065 3799 1114 3857 lib.
1129 3800 1161 3857 ii.
1176 3820 1238 3877 carn
1253 3818 1287 3873 3.

253 3892 318 3929 vero
328 3876 363 3931 ad
375 3874 502 3951 mysteria
511 3876 743 3945 remittitNoster,
791 3878 865 3935 Vide
876 3888 905 3935 et
916 3880 1085 3950 Amobium,
1097 3880 1146 3940 lib.
1161 3899 1188 3938 r.
1196 3900 1288 3959 pagg.

253 3954 387 4028 quoniam
410 3974 443 4012 ea
463 3956 534 4012 nihil
557 3956 634 4013 aliud
657 3956 741 4025 suere,
792 3976 861 4031 231,
876 3976 944 4030 23²·
964 3960 1007 4016 ed.
1021 3960 1083 4019 Par.
1140 4014 1143 4018 .

253 4046 339 4107 quam
351 4033 550 4108 repraesentatio
561 4038 695 4093 rerumab
706 4038 742 4093 iia
827 4034 1025 4117 'AtquahocJ
1052 4041 1098 4100 sie
1117 4038 1192 4099 reble
1209 4040 1285 4100 Bak.
1396 4095 1397 4122 ,

253 4110 304 4186 qui
324 4112 482 4171 colebantur
504 4114 652 4190 gestarum,
669 4117 738 4173 dum
787 4116 894 4195 Vulgo,
907 4117 973 4178 baec.

253 4190 283 4249 lb
298 4191 369 4249 vivia
380 4204 467 4252 erant.
492 4196 525 4253 Id
539 4206 616 4273 patet
629 4216 662 4256 ex
676 4216 739 4255 nm·
