2817 4859
191 381 195 387 '
240 395 299 476 ³5⁸
448 389 642 452 curcur.
667 381 1052 448 nrsrurntronuu

240 579 294 630 res
323 551 579 725 ponderandas,
607 565 685 621 tum
716 545 870 622 maxime
896 546 1052 642 ingenua
1076 538 1269 613 deledtatio

242 667 311 728 etv
350 654 432 750 igna
449 649 639 749 Sapientia.
689 647 760 720 Sed
787 647 866 718 haec
893 645 981 718 otiit
1008 641 1159 716 transeat
1175 637 1274 712 idem

242 751 307 826 iste
340 750 486 848 Sapiens
516 751 561 822 ad
594 744 853 844 rempublicam
880 741 1077 816 tuendam:
1106 737 1195 842 quid
1230 743 1274 811 eo

240 851 348 954 poffit
373 849 442 921 esse
467 845 700 948 praestantius,
723 859 837 918 ‘lcum
863 839 1054 941 prudentia
1077 837 1282 912 utilitatem

240 948 378 1024 civium
403 965 537 1034 cernat,
550 943 686 1042 justitia
711 943 802 1017 nihil
827 945 863 1017 in
890 943 987 1014 suem
1012 941 1162 1012 domurn
1188 936 1272 1009 inde

241 1047 394 1137 derivet,
425 1043 568 1144 reliquis
598 1061 720 1116 utatur
749 1059 803 1116 tot
833 1061 907 1114 tarn
931 1038 1105 1136 variisque
1131 1034 1278 1110 virtuti·
1381 1051 1387 1071 ·

244 1151 311 1222 bus
327 1148 341 1220 l
384 1146 552 1242 Adjunge
570 1143 734 1217 frustum
750 1139 1009 1215 amicitiarum:
1038 1135 1074 1209 in
1091 1161 1166 1234 quo
1182 1137 1277 1207 doc·-

241 1245 289 1321 tis
305 1247 457 1344 postum
475 1245 539 1331 est,
556 1267 642 1315 cum
667 1240 856 1314 confilium
874 1237 990 1311 omnis
1007 1235 1105 1325 vitae,
1122 1234 1276 1307 consen-

241 1344 335 1417 tiens
351 1361 387 1415 et
410 1365 510 1441 paene
537 1340 752 1438 conspirans,
767 1359 848 1413 tum
874 1337 1009 1411 summa
1027 1333 1236 1430 jucunditas
1255 1357 1275 1405 e

242 1440 455 1540 quotidiano
484 1442 585 1514 cultu
609 1459 716 1536 atque
732 1439 847 1512 vidiu.
899 1435 1000 1512 Quid
1025 1437 1102 1507 haec
1126 1434 1277 1506 tandem

168 1596 173 1604 ·
242 1543 318 1614 nita
349 1541 531 1626 defidera't,
566 1565 641 1636 quo
669 1539 715 1611 stt
742 1539 906 1612 beatior?
943 1535 1029 1608 rcui
1055 1534 1195 1606 resertae
1223 1547 1279 1603 tot

243 1637 420 1737 tantisque
451 1637 589 1738 gaudiis
622 1639 767 1711 fortuna
800 1636 873 1750 ipsa
906 1636 1008 1709 cedat
1042 1631 1181 1706 necesse
1213 1631 1278 1705 est,

244 1740 357 1813 Quod
374 1739 402 1810 fi
420 1736 572 1838 gaudere
589 1737 719 1810 talibus
736 1737 840 1810 bonis
866 1733 988 1823 animi,
1006 1732 1043 1806 id
1061 1733 1112 1805 est
1130 1727 1275 1804 virtuti-

244 1840 325 1928 bus,
352 1840 497 1912 beatum
522 1837 599 1920 est;
626 1835 819 1934 omnesque
846 1833 1027 1933 Sapientes
1053 1831 1107 1906 his
1134 1827 1276 1928 gaudiis

242 1939 500 2036 perfruuntur:
535 1959 658 2010 omues
681 1961 742 2009 eos
770 1933 933 2008 confiteri
954 1933 1085 2008 wbeatos
1113 1931 1187 2006 efl'e
1213 1953 1278 2000 ne·

240 2037 335 2109 cesse
353 2037 416 2107 est.

294 2131 437 2205 XXVI.
464 2131 510 2205 A.
541 2130 708 2206 Etiamne
735 2131 772 2206 in
800 2131 959 2206 cruciatu
986 2147 1092 2228 atque
1116 2145 1276 2201 tormen-

242 2229 320 2305 tis?
372 2231 431 2304 M.
450 2231 511 2304 An
535 2249 577 2304 tu
601 2257 658 2305 me
684 2233 723 2305 in
743 2231 839 2305 viola
863 2233 1024 2330 putabas,
1049 2245 1111 2300 aut
1135 2227 1173 2300 in
1200 2225 1277 2299 rosa

241 2331 396 2403 dicere?
448 2329 508 2402 An
539 2329 711 2428 Epicuro,
740 2343 752 2378 ⁸
791 2330 851 2404 uia
879 2329 1129 2403 tantummodo
1157 2323 1279 2398 induit

245 2431 430 2528 personam
453 2429 658 2528 philosophi
682 2447 720 2503 et
745 2357 831 2502 ‘irbi
857 2427 929 2527 ipse
960 2429 1028 2502 hoc
1056 2451 1189 2499 nomen
1220 2425 1276 2498 in-

245 2528 396 2629 scripsit,
425 2529 542 2601 dicere
568 2527 693 2602 licebit
716 2529 829 2626 (quod
855 2527 1015 2626 quidem,
1040 2543 1082 2600 ut
1102 2527 1215 2600 habet
1242 2523 1286 2622 se·

284 2783 303 2860 ¹.
335 2777 428 2856 Digna
452 2776 611 2854 Sapientia]
633 2777 738 2837 Ursini
787 2782 899 2857 refertae.
939 2777 982 2844 At
1001 2795 1065 2836 vero
1085 2775 1209 2836 mediam
1231 2799 1279 2834 vo-

246 2861 312 2922 MS.
330 2857 457 2939 sapiente,
485 2860 561 2933 quod
587 2861 613 2918 ei
636 2859 738 2916 iustius
786 2877 846 2918 cent
869 2860 999 2920 Petrensrs
1027 2859 1114 2916 noster
1138 2879 1155 2914 a
1185 2861 1280 2935 prima

126 2991 134 3002 .
245 2943 366 2999 videtur.
414 2940 553 3017 Equidem
580 2941 653 2998 mihi
679 2956 738 2997 rton
788 2959 873 2998 manu
894 2939 1093 3016 praetermittit,
1110 2941 1157 2997 eui
1179 2941 1281 2997 merito

247 3021 411 3098 displiceret,
428 3022 447 3077 sr
467 3020 560 3097 plures
580 3021 740 3079 accederent
788 3021 848 3078 sum
863 3020 1018 3078 obsecutus.
1057 3019 1139 3078 Olim
1161 3021 1279 3096 quidem

248 3102 324 3159 libri.
365 3101 452 3156 Quod
465 3119 530 3157 cum
551 3101 584 3156 sit
597 3100 682 3167 secus,
696 3121 738 3158 re·
788 3102 901 3158 notavit
923 3101 1034 3159 Paullus
1062 3097 1224 3169 Manutius,
1249 3121 1282 3160 ea

247 3197 359 3256 ceptam
374 3180 521 3236 leslionem
538 3199 595 3240 uon
616 3200 736 3250 move05
785 3182 886 3250 deleta,
909 3181 1116 3239 concinniorem
1137 3181 1197 3238 fore
1218 3199 1283 3240 ora·

192 3315 196 3320 .
245 3269 316 3320 ita-m
339 3260 410 3336 saepe
430 3260 473 3325 sit,
495 3269 527 3316 ut
550 3279 602 3335 pro
628 3275 739 3318 cenom
785 3263 902 3322 tionem.
928 3263 989 3339 Ego
999 3262 1061 3320 sane
1071 3279 1132 3318 eam
1148 3262 1205 3318 stne
1216 3281 1283 3339 gra·

250 3352 371 3420 ponatur
383 3339 548 3416 abstractum.
564 3341 636 3399 Vide
646 3342 739 3418 supra,
787 3344 815 3400 vi
850 3341 940 3400 sensus
973 3343 1141 3400 detrimento
1166 3343 1282 3402 retineri

250 3441 313 3551 αξ.
328 3439 394 3561 diam
402 3483 542 3579 prudentia
552 3500 689 3560 usidtalem
702 3502 739 3560 ci·-
760 3527 763 3540 ·
786 3441 843 3538 ¹¹0?
858 3421 1146 3562 1(hodienellzsiihlrmnudu
1180 3503 1282 3580 induit]

247 3583 325 3640 vium
349 3583 448 3655 cernat]
483 3583 527 3640 Ut
554 3585 589 3640 stc
619 3583 740 3653 ederem,
788 3583 894 3660 Vulgo,
908 3584 962 3662 qui.
990 3584 1145 3660 Nobiscum
1159 3585 1284 3644 verosa·

251 3663 350 3721 audior
363 3664 434 3720 mibi
447 3663 502 3720 suit
515 3662 739 3736 ipsedententia.
783 3665 867 3722 ciunt
881 3665 952 3741 ch.
966 3663 1105 3723 Pithoean.
1121 3677 1149 3722 et
1164 3667 1248 3726 Med.

251 3743 357 3821 Vulgo,
373 3763 431 3800 cunr
449 3743 586 3801 contineri
602 3744 741 3820 prudentia
830 3745 839 3781 ²
859 3743 917 3802 Sibi
936 3744 983 3821 ipse
1001 3743 1046 3803 luc
1061 3765 1148 3804 nomen
1162 3745 1284 3827 inscrip-

247 3825 389 3882 ueilitutcm
420 3825 517 3882 civium
549 3838 645 3881 cernat.
686 3825 740 3882 Sed
786 3823 837 3899 stt]
859 3825 905 3882 Sic
925 3825 996 3902 neg.
1012 3836 1040 3884 et
1062 3827 1200 3884 Pithoean.
1237 3834 1282 3887 At

251 3902 369 3961 secunda
381 3925 467 3962 toxa
487 3904 650 3982 quibusdam
665 3917 740 3962 netu
789 3907 860 3964 Balr.
875 3907 951 3964 Med.
973 3919 1000 3964 et
1016 3907 1125 3966 Ralliol.
1145 3909 1224 3976 dant,
1240 3911 1284 3966 in·

248 3983 328 4041 ribus
338 3984 415 4040 libris
425 3982 597 4052 ahesi,etah
609 3985 741 4041 omnibus
779 3985 883 4062 scribit.
923 3988 1079 4064 Epicurum
1100 4009 1165 4046 vero
1189 3989 1214 4045 se
1231 3990 1284 4068 fir·

250 4063 339 4118 abeffe
352 4065 449 4121 debere
472 4065 624 4124 Lambinus
645 4074 674 4122 et
688 4065 740 4122 ra·
785 4066 892 4142 pienum
912 4069 1061 4144 profestum
1086 4067 1137 4126 esse
1166 4070 1285 4128 testatur

249 4141 355 4199 anetus
368 4143 440 4200 resle
451 4145 585 4204 statuunt.
784 4147 898 4218 Noster,
911 4148 962 4209 lib.
977 4151 1007 4210 ii.
1021 4152 1055 4216 de
1069 4148 1131 4208 nin.
1146 4169 1174 4210 e.
1185 4141 1215 4224 3'.

292 4229 303 4260 ⁸
324 4221 375 4282 Cui
388 4223 503 4301 refertae]
526 4225 630 4302 Vulgo
642 4223 685 4288 cui
700 4225 739 4284 rei
