2817 4859
260 349 319 410 ada
462 347 657 408 Tuscus.
682 332 1076 410 DISPUTATIONUM

259 504 309 578 tia
326 536 337 589 ;
363 505 463 601 quod
478 506 619 580 nullum
634 523 709 580 erat
729 504 910 582 iracundia
928 504 1073 596 stadius,
1089 500 1279 580 iracundos

259 603 363 688 solos,
379 603 534 676 morosos
552 604 836 678 nominaverunt.

306 701 431 776 XXV.
455 704 643 776 Oratorem
668 729 752 776 vero
782 701 880 776 irasci
913 699 1060 786 minime
1090 702 1207 790 decet,
1234 701 1279 774 fi·

231 797 236 804 ’
256 801 390 900 rutilare
414 825 488 874 non
511 802 672 876 dedecet.
722 803 783 876 An
808 801 873 875 tibi
891 799 989 874 irasci
1006 817 1085 872 tum
1101 799 1280 887 ridemur,

257 919 343 974 cum
359 896 448 996 quid
465 897 503 970 in
518 900 628 974 causis
644 899 757 974 acrius
775 917 811 974 et
834 897 1077 972 vehementius
1094 897 1277 971 dicimus?

257 993 377 1107 quid?
404 1021 489 1070 cum
508 998 585 1094 jam
608 1001 710 1072 rebus
735 998 916 1072 transadlis
940 1017 975 1070 et
1000 995 1182 1094 praeteritis
1199 1023 1281 1070 ora-

257 1110 374 1170 tiones
403 1094 599 1185 scribimus,
622 1122 710 1170 num
736 1095 812 1170 irati
846 1094 1060 1170 scribimrnl
1118 1095 1283 1193 estquis

257 1191 319 1266 bac
335 1193 608 1266 arrinradoerrr'ts'
646 1195 693 1267 V
680 1195 790 1284 meite,
808 1217 896 1268 num
912 1213 973 1266 aut
994 1192 1101 1292 egisse
1118 1217 1282 1290 uuquam

257 1291 388 1368 iratum
411 1292 613 1391 AEsopum3
640 1311 701 1367 aut
725 1293 919 1392 bscripsisse
945 1291 1122 1366 existimas
1145 1291 1282 1365 iratum

257 1389 441 1466 Accium?
493 1393 660 1488 Aguntur
687 1392 751 1466 isla
782 1392 974 1490 praeclarer
1007 1406 1043 1464 et
1069 1391 1114 1464 ab
1142 1409 1281 1465 oratore

256 1487 404 1586 quidem
429 1489 567 1576 melius,
593 1493 616 1562 ἢ
635 1494 745 1564 modo
771 1493 822 1564 est
846 1507 976 1572 orator,
1000 1514 1109 1586 quam
1132 1491 1178 1562 ab
1201 1491 1281 1563 ullo

257 1587 448 1661 histrione:
475 1588 535 1660 sed
556 1608 710 1686 aguntur
725 1588 863 1678 leniter,
879 1606 914 1662 et
933 1605 1049 1660 mente
1073 1587 1278 1685 tranquilla.

258 1685 463 1762 Libidinem
488 1711 573 1760 vero
588 1689 744 1776 laudare,
760 1689 859 1783 cujus
877 1688 928 1760 est
944 1685 1132 1760 libidinis?
1175 1686 1280 1758 The-

256 1785 456 1858 mistoclem
474 1785 560 1858 mihi
579 1803 615 1858 et
631 1786 908 1860 Demosthenem
934 1784 1119 1882 profertis:
1146 1783 1280 1858 additis

257 1882 509 1982 Pythagoram,
534 1884 797 1968 Democritum,
823 1885 1019 1973 Platonem.
1063 1882 1186 1957 Quid?
1214 1907 1283 1956 vos

257 1982 386 2071 studia,
403 1982 590 2055 libidinem
607 1984 770 2056 vocatis?
797 2006 882 2080 quse
906 1983 963 2056 rel
983 1981 1199 2078 optimarum
1224 2007 1281 2054 re-

258 2103 351 2168 rum,
364 2095 404 2152 ut
420 2105 461 2152 ea
477 2080 558 2152 suut
574 2107 656 2179 quae
673 2081 848 2178 profertis,
864 2081 979 2154 sedata
995 2099 1113 2154 tamen
1129 2099 1165 2152 et
1181 2098 1280 2153 tran·

257 2177 370 2274 quilla
384 2179 453 2252 effe
469 2179 612 2252 debent.
644 2180 725 2252 Jam
738 2179 985 2278 egritudinem
1002 2180 1155 2268 laudare,
1169 2203 1281 2258 unam

258 2299 334 2348 rem
348 2275 502 2350 maxime
523 2279 778 2367 detestabilem,
797 2303 950 2375 quorum
967 2277 1018 2350 est
1035 2278 1177 2350 tandem
1195 2277 1283 2375 phi-

256 2374 515 2474 losophorum?
558 2377 611 2450 At
624 2379 814 2452 commode
832 2375 924 2450 dixit
939 2374 1127 2449 Afranius:

299 2523 487 2589 Durnmodo
501 2523 607 2589 doleat
620 2525 749 2612 aliquid,
764 2537 776 2567 ⁶
789 2523 895 2590 doleat
908 2523 1085 2611 quidlubet.

258 2655 364 2732 Dixit
380 2656 476 2730 enim
492 2658 536 2730 de
549 2657 769 2730 adolescente
787 2656 926 2755 perdito
942 2680 982 2728 ac
1001 2656 1191 2733 dissoluto:
1214 2686 1282 2734 nos

243 2771 376 2828 ,autem
402 2757 446 2827 de
462 2756 638 2828 constanti
654 2757 731 2828 viro
747 2781 787 2829 ac
807 2750 951 2854 sa‘pienti
976 2754 1180 2853 quaerimus.
1231 2759 1281 2833 Et

285 2854 406 2927 uidem
423 2851 534 2951 ipsam
550 2854 648 2927 illam
668 2853 755 2928 iram
773 2851 934 2930 centurio
951 2851 1079 2926 habeat
1094 2873 1156 2929 aut
1172 2857 1284 2955 figni÷
1309 2909 1312 2914 -

257 2877 325 3042 ser,
349 2954 408 3026 vel
429 2952 548 3028 caeteri
567 2955 611 3026 de
632 2955 764 3050 quibus
781 2951 853 3026 dici
876 2977 947 3026 non
964 2951 1101 3026 necesse
1127 2955 1178 3028 est
1194 2987 1206 3041 ;¹
1233 2981 1280 3030 ne

258 3214 367 3283 ΜΟ.
379 3214 417 3273 D.
431 3235 458 3273 v.
472 3233 517 3293 19.
542 3215 746 3282 summin-
792 3216 1020 3294 Lambinumqoe
1029 3215 1180 3292 sequimur.
1209 3219 1283 3278 Hae

259 3295 335 3368 quit,
359 3295 441 3353 multa
464 3296 495 3354 in
522 3298 643 3354 morinis
669 3295 744 3354 bona.
792 3309 886 3354 autern
900 3297 990 3354 versus
1004 3297 1141 3373 particula
1154 3297 1282 3360 desumta

258 3373 420 3434 ambronas
431 3378 466 3434 de
476 3375 558 3434 offic.
568 3377 615 3432 lib.
626 3376 684 3434 in.
698 3394 744 3450 ¹4·
792 3378 901 3434 videtur
920 3397 953 3434 ex
973 3377 1054 3436 Accii
1075 3380 1172 3435 Atreo.
1208 3381 1283 3438 Vide

260 3455 495 3514 Samo-virium
522 3455 626 3533 aliquod
644 3458 689 3534 effe
716 3456 745 3512 in
792 3459 841 3518 lib.
856 3457 897 3515 iii.
911 3459 944 3515 de
957 3456 1040 3516 Orat.
1053 3477 1114 3534 esp.
1130 3459 1179 3534 58.

261 3536 386 3594 moribus
398 3537 498 3614 aperiat
509 3549 534 3594 rt
548 3535 650 3615 prodat.
673 3535 746 3594 Vide
832 3533 848 3574 b
871 3537 996 3616 Srrpfiffr
1021 3537 1160 3594 existimas
1184 3539 1283 3596 iratum

258 3625 332 3675 eto.
349 3615 397 3692 89.
425 3617 502 3674 Hinc
515 3617 594 3683 illud,
793 3617 913 3692 Arrium]
931 3616 1055 3675 Sinredle
1066 3618 1281 3685 etBenrletun

300 3695 374 3757 Nan
399 3695 508 3773 mstra
528 3695 604 3772 fato,
623 3697 746 3757 moribus
793 3697 836 3754 uti
861 3697 974 3772 quidem
999 3717 1033 3756 ex
1057 3700 1283 3759 antecedentibus.

342 3777 440 3836 seelera
451 3781 564 3856 imputes.
794 3785 880 3855 patet.
910 3779 1015 3855 Vulgo,
1028 3779 1208 3854 aarstmarnrrs.

261 3855 474 3952 EstSenecapin
488 3857 654 3934 Hippasus.
668 3876 731 3932 ¹44·
833 3857 961 3916 ‘Doleat
983 3859 1143 3936 quidlubet]
1175 3861 1284 3936 Vulgo,

267 3937 513 4095 rtiaiiiqui’uriic.
532 4029 558 4076 a
577 4019 644 4097 qua.
677 3941 747 4076 nii
794 3935 957 4079 fflii‘ir
967 3939 1282 4082 ffiffutoeam

264 4090 747 4178 itabmqnaproptervidorinm
