2817 4859
279 339 340 422 ³5⁶
497 331 1108 397 nuscunnrsnunnurouuu

283 498 407 574 mundi
432 512 550 570 motus
582 493 898 592 conversionesque
927 493 1154 594 perspexerit,
1179 492 1308 568 fidera-

283 623 354 694 que
387 593 518 668 viderit
550 593 824 668 innumerabilia
857 595 947 667 caelo
981 591 1187 666 inhaerentia
1228 619 1310 668 cum

283 698 358 792 ejus
387 693 491 793 ipsius
519 711 620 774 motu
646 717 841 792 congruere
868 691 972 766 certis
1001 689 1115 765 infixa
1138 691 1310 780 sedibus3

282 796 418 893 septem
442 793 511 867 alia
528 791 607 866 suos
623 815 779 890 quaeque
796 811 913 865 tenere
931 791 1063 876 cursus,
1082 793 1238 866 multum
1257 791 1312 864 in-

284 912 340 967 ter
356 893 390 966 se
406 911 466 966 aut
491 889 681 964 altitudine
706 909 768 966 aut
794 889 995 965 humilitate
1023 889 1199 974 distantia,
1219 917 1314 989 quo-

285 1017 367 1068 rum
382 990 463 1089 vagi
482 1007 600 1062 motus
617 1007 690 1062 rata
705 1007 823 1062 tamen
843 1007 877 1062 et
902 1009 997 1064 certa
1022 989 1075 1063 sui
1097 991 1217 1063 cursus
1236 991 1313 1086 spa-

284 1091 335 1164 tia
363 1090 548 1164 deliniant.
600 1089 746 1162 Horum
777 1087 947 1161 nimirum
981 1089 1141 1186 aspedlus
1168 1087 1315 1186 impulit

283 1189 365 1264 illos
383 1206 517 1262 veteres
533 1205 570 1260 et
586 1189 785 1273 admonuit,
803 1206 843 1260 ut
860 1189 960 1285 plura
977 1205 1186 1286 quaererent.
1225 1189 1315 1261 lnde

285 1289 337 1362 est
354 1288 534 1384 indagatio
558 1305 639 1360 nata
664 1285 849 1360 initiorum
873 1305 908 1358 et
931 1304 1100 1383 tanquam
1123 1287 1314 1376 seminum,

283 1390 380 1461 unde
403 1389 515 1461 ell'ent
540 1386 661 1460 omnia
683 1403 773 1476 orta,
797 1402 974 1484 generata,
992 1402 1182 1469 concreta;
1211 1411 1315 1484 quae·

283 1511 356 1583 que
388 1486 559 1583 cujusque
588 1484 726 1582 generis
757 1487 814 1557 vel
844 1483 990 1558 inanimi
1021 1485 1079 1558 vel
1108 1484 1312 1570 animantis,

282 1587 344 1658 vel
360 1585 451 1658 muti
468 1585 525 1656 vel
542 1581 722 1680 loquentis
741 1585 867 1680 origo:
891 1609 972 1681 quae
990 1585 1074 1672 vita,
1091 1583 1171 1682 quis
1188 1583 1315 1658 interis

283 1702 354 1768 tus,
372 1707 526 1782 quaeque
543 1707 589 1755 ex
605 1681 676 1754 alio
702 1682 740 1754 in
766 1683 864 1755 aliud
886 1683 1088 1756 viciffitudo
1105 1703 1214 1781 atque
1232 1709 1314 1756 mu·

283 1781 396 1868 tati03
424 1782 536 1855 iunde
553 1799 643 1854 terra
658 1781 772 1879 aequis
787 1781 916 1855 librata
931 1781 1147 1880 ponderibus
1164 1811 1174 1856 e
1203 1781 1312 1880 kqui-

284 1884 353 1956 bus
371 1880 531 1954 cavernis
547 1880 656 1952 maria
682 1879 915 1954 sustineantur
930 1909 941 1955 ι
968 1907 1039 1980 qua
1058 1881 1178 1954 omnia
1196 1883 1314 1954 delata

284 1977 457 2078 giavitate
483 1978 643 2054 medium
669 1979 793 2052 mundi
820 1980 943 2052 locum
960 1980 1096 2080 semper
1113 1999 1311 2080 expetant3

284 2077 348 2175 qui
365 2079 416 2150 est
433 2078 530 2152 idem
547 2077 695 2152 infimus
713 2075 749 2153 in
768 2079 934 2152 rotundo.

320 2360 410 2424 Altius
424 2359 463 2419 ad
472 2358 771 2440 magnisubtendirfide·
819 2362 894 2420 unde
908 2362 1062 2420 Lambinus
1082 2361 1159 2430 facit,
1175 2363 1204 2420 in
1223 2384 1312 2444 ᾳναιπ.

361 2443 516 2500 ramundi.
820 2442 854 2500 ld
876 2453 969 2500 autem
992 2443 1163 2502 incommodi
1187 2447 1311 2504 eontinet

281 2522 460 2598 Acrs.217.
723 2588 726 2596 ‚
820 2525 880 2580 haec
900 2522 1067 2600 conjedlura‚
1087 2525 1162 2600 quod
1185 2537 1248 2584 tum
1268 2529 1311 2585 de-

322 2601 429 2679 Rtspr'cit
440 2601 480 2659 ad
491 2602 555 2659 culti
567 2603 688 2661 nutantia
697 2599 770 2678 fide·
820 2622 899 2661 mum
915 2604 985 2660 nihil
998 2605 1032 2661 de
1046 2606 1187 2681 gravitate
1205 2626 1313 2682 quaera·

359 2703 393 2740 ra
407 2683 517 2739 mundi.
819 2693 874 2750 tiu,
888 2683 931 2741 sed
946 2685 1020 2742 nuda
1037 2687 1070 2742 sit
1089 2703 1179 2762 eaque
1193 2688 1249 2746 huc
1266 2709 1313 2766 pn·

280 2761 326 2820 Ita
348 2761 468 2840 persaepe
492 2761 630 2819 Manilius
656 2772 685 2820 et
709 2762 769 2822 alii.
819 2783 882 2822 rum
891 2766 1055 2823 conveniens
1064 2763 1226 2826 affirmatio.
1241 2769 1312 2826 Prae-

280 2843 354 2900 vide
369 2843 455 2900 Corn.
473 2843 604 2900 Severum
625 2843 653 2898 in
668 2843 769 2910 AEtna,
818 2855 891 2902 terea
906 2865 962 2902 non
982 2845 1029 2916 ell,
1043 2856 1075 2904 ul
1095 2847 1122 2902 in
1136 2867 1218 2924 quom
1235 2849 1312 2925 poffis

280 2923 330 2980 vll.
344 2941 393 2996 43.
408 2923 457 3000 69.
471 2934 500 2980 et
517 2921 651 2992 Plinium,
665 2925 708 2982 H.
726 2925 769 2984 N.
818 2925 853 2982 ad
867 2925 954 2992 alind,
968 2943 1053 3003 quam
1068 2927 1103 2984 ad
1117 2939 1213 2984 terram
1228 2931 1312 2987 teser·

282 3003 332 3062 lib.
344 3005 375 3060 ii.
386 3023 468 3080 capp.
484 3021 550 3079 r.4.
818 3025 868 3070 rer
890 3004 984 3064 medius
1007 3019 1101 3064 autem
1124 3007 1216 3064 mundi
1235 3009 1313 3078 heus,

320 3079 425 3140 ‘Unde
456 3095 527 3141 terra
552 3083 641 3159 aequir
671 3082 770 3143 librata
819 3083 899 3160 cujus
912 3086 1004 3162 postea
1017 3087 1157 3153 meminit,
1173 3089 1211 3146 est
1222 3101 1310 3160 terra,

277 3159 443 3239 ponderibus]
467 3163 571 3238 Vulgo,
584 3161 651 3221 unde
663 3177 733 3222 tm
743 3175 771 3223 et
819 3166 935 3242 proinde
947 3167 1059 3226 Tullius
1077 3167 1193 3236 diceret,
1211 3170 1240 3226 in
1262 3185 1313 3228 tn·-

279 3243 382 3317 quibut
405 3240 503 3298 librata
524 3242 695 3320 ponderibus,
726 3247 769 3302 in·
819 3267 876 3304 ram
896 3248 979 3304 omnia
998 3245 1249 3324 delatagravitatc,
1262 3263 1314 3308 ler-

277 3321 438 3379 oornmode:
450 3323 575 3397 namqui
584 3342 676 3380 rerum
688 3326 772 3385 initia
819 3347 876 3384 ram
886 3326 987 3407 semper
998 3339 1117 3406 expetere.
1148 3330 1247 3388 Menti
1262 3333 1312 3390 Ci-

278 3403 427 3478 diligenter
439 3402 620 3478 indagabant,
632 3407 706 3462 unde
717 3407 768 3464 rel·
819 3407 925 3466 ceronir
957 3409 1064 3488 optime
1103 3411 1236 3486 congruit
1272 3433 1314 3480 ea,

278 3479 329 3540 lna
345 3482 409 3540 effer
428 3495 564 3548 concreta.
585 3486 769 3559 proculdubio
818 3507 904 3564 quant
941 3488 1179 3566 repraesentamus,
1214 3492 1312 3550 leelio.

277 3564 455 3638 quaerebantr
487 3564 610 3640 adeoque
631 3578 769 3625 ταυτολο-
816 3567 1033 3646 Etsrfiiaeantur
1046 3571 1159 3646 quidem
1175 3571 1214 3628 est
1229 3593 1247 3630 a
1263 3575 1313 3632 Pe·

276 3641 344 3719 yia5
369 3661 431 3700 rene
452 3643 529 3700 lieret
556 3645 664 3704 Cicero.
703 3647 768 3725 Noe
817 3649 899 3706 trens.
912 3659 940 3708 et
953 3651 1089 3708 veteribus
1109 3651 1213 3710 editis:
1238 3673 1313 3730 prae·

277 3722 367 3798 igitur
375 3723 510 3780 eximiam
519 3723 635 3784 Ellenfir
648 3726 699 3785 sec.
711 3727 766 3784 lec·
815 3729 979 3805 positionem
1000 3749 1076 3799 vero,
1097 3751 1125 3788 re
1146 3731 1206 3807 ipsa
1229 3737 1312 3802 duce,

276 3806 383 3861 tionem
409 3805 521 3871 demur,
543 3825 632 3881 eaque
656 3807 765 3885 prorsus
813 3810 977 3868 delevimus.
1011 3811 1105 3868 Plures
1126 3812 1245 3888 quidem
1264 3835 1313 3871 co·

275 3883 315 3938 est
329 3901 405 3941 vera.
813 3890 1044 3966 dicenfiestineam
1056 3891 1084 3946 in
1096 3911 1150 3968 qua
1158 3916 1168 3962 i
1182 3896 1262 3968 quod
1277 3913 1313 3952 ex

317 3960 332 3997 ¹
346 3965 451 4037 Quibus
463 3966 584 4024 cavonis
591 3967 676 4026 maria
687 3964 766 4026 lulli·
802 3969 979 4045 srfiineantur
992 3991 1043 4051 qua
1057 3971 1138 4032 facile
1159 3972 1235 4032 nasci
1259 3995 1314 4053 po·

274 4055 413 4101 neantur:
435 4065 489 4121 qua
501 4048 585 4105 omma
596 4047 685 4106 delata
695 4069 764 4124 gra·
810 4050 880 4112 tuit.

275 4120 371 4196 vitate]
393 4125 499 4202 Vulgo,
502 4125 635 4204 firstmcat,
649 4129 676 4186 in
690 4147 763 4207 quar
