2817 4859
390 407 782 470 nrnnnrnrtuos.
883 445 887 452 -
1065 355 1164 494 ry=

89 565 202 642 britate
216 565 435 664 Tyndaridae
453 567 587 652 fratres,
604 565 667 664 qui
684 555 784 641 ⁰'non
802 569 911 642 modo
929 569 1105 664 adjutores

92 666 123 736 in
135 665 256 764 praeliis
272 665 434 738 vietoriae
449 665 573 763 populi
592 667 762 753 Romani,
777 666 837 739 sed
854 667 962 739 etiam
989 670 1105 741 nuntii

93 763 180 838 fuisse
194 764 437 863 perhibentur.
481 765 582 837 Quid
599 766 612 836 l
650 765 717 838 Ino
734 766 861 838 Cadmi
878 767 967 852 filia,
986 792 1106 840 nonne

94 872 239 935 Instante
259 865 442 937 nominata
458 888 480 935 a
496 863 646 948 Graecis,
664 865 811 937 Matuta
826 866 979 937 habetur
991 892 1012 938 a
1024 867 1107 940 nos·
1124 901 1127 908 ·

13 1007 14 1028 .
97 957 172 1033 tris?
193 961 310 1058 quid?
337 979 456 1035 totum
479 985 590 1060 prope
607 965 758 1048 carlum,
784 989 829 1035 ne
853 964 965 1060 pluris
990 967 1107 1061 perse-

100 1081 181 1156 quar,
207 1085 325 1134 nonne
355 1061 512 1134 humano
541 1085 667 1158 genere
697 1065 918 1160 completum
945 1064 1026 1136 est?
1070 1065 1109 1137 Si
1214 1062 1218 1070 ’

13 1229 14 1232 ,
99 1181 167 1230 uero
193 1158 336 1233 scrutari
365 1177 498 1249 vetera,
525 1177 560 1232 et
589 1184 635 1232 ex
661 1158 717 1234 his
745 1187 787 1234 ea
813 1185 894 1257 quae
921 1161 1110 1259 scriptores

100 1257 231 1330 Graeciae
254 1258 490 1356 prodiderunt
512 1283 632 1331 eruere
656 1279 791 1346 coner3
819 1259 885 1356 ipsr
913 1259 978 1349 illi,
1003 1275 1109 1336 ‘lma-

96 1355 195 1450 jorurn
218 1356 381 1456 gentium
400 1356 464 1430 Dii
481 1359 543 1455 qui
561 1357 752 1449 habentur,
768 1359 854 1432 hine
870 1384 892 1431 a
907 1359 1010 1432 nobis
1027 1386 1112 1458 pro

100 1453 172 1526 seui
187 1457 221 1526 in
238 1457 371 1529 caelum
389 1456 617 1554 reperientur.

55 1665 59 1672 ¹
139 1554 232 1628 XIII.
258 1556 381 1629 Quare
406 1567 585 1654 ‘quorum
614 1557 899 1671 demonstrantur
925 1557 1113 1655 sepulchra
1223 1667 1228 1678 .

133 1768 575 1849 ⁰Nranodoadjuloresinpraeliis
623 1771 694 1830 AEn.
708 1790 736 1829 v.
756 1781 871 1843 141.-et
891 1769 1055 1844 Ladanthu
1079 1773 1115 1831 ad

102 1849 576 1930 ridommpuliRommistdchm
624 1852 707 1910 statii
719 1851 810 1910 Theb.
824 1852 844 1908 i.
862 1869 908 1910 12.
949 1852 1037 1910 Hune
1050 1869 1118 1909 vero

104 1930 187 2006 nuru]
215 1930 316 1992 Eliens.
336 1951 379 2009 pr.
400 1941 428 1989 et
449 1931 518 1988 Bnlr.
532 1951 577 1990 or·
625 1931 719 1990 locum
745 1931 840 1990 laudat
864 1931 979 1990 Nonius
1004 1934 1035 1990 in
1059 1950 1121 1990 ma-

104 2011 306 2070 dinererborum
320 2021 439 2078 mutato,
452 2014 520 2069 dant
528 2027 576 2091 po·
626 2031 696 2071 num.

101 2091 150 2167 puli
161 2091 191 2150 Il.
203 2094 318 2150 villaria
329 2116 339 2148 .·
360 2091 514 2150 Lambinus
529 2112 579 2149 au-
666 2103 679 2141 ‘³
701 2093 835 2166 Majmm
845 2095 960 2172 gentium
975 2092 1039 2170 Dii]
1069 2094 1119 2152 Ad

106 2181 155 2228 tem
184 2173 369 2250 reponendum
399 2173 505 2239 statuit,
531 2193 580 2229 non
629 2175 703 2230 hunc
712 2174 805 2231 locum
815 2173 922 2250 respicit
932 2173 1118 2251 Augustinus,

107 2250 167 2308 mdo
186 2251 307 2326 adjutores
329 2253 357 2308 iu
376 2251 475 2330 praeliis
494 2251 580 2330 popuh
629 2255 665 2312 C.
678 2254 716 2310 D.
737 2255 786 2311 lib.
806 2255 867 2312 viii.
888 2273 950 2330 cap.
966 2267 993 2332 5.
1023 2254 1120 2332 Majo-

109 2331 265 2409 Roneni,sed
278 2335 352 2390 etium
370 2332 495 2391 victoria
513 2353 581 2392 nrm·
630 2351 693 2392 rum
715 2354 778 2391 vero
799 2334 927 2408 gentium
946 2336 1033 2402 Deae,
1050 2353 1121 2410 quoa

111 2411 384 2489 tiisuiffipcrlribertur.
406 2415 458 2478 At,
472 2423 505 2469 ut
519 2412 581 2489 opi·
632 2414 717 2470 etiam
743 2413 870 2490 Corfintcs
896 2416 1040 2484 vocabant,
1068 2415 1123 2472 hoc

110 2509 167 2558 nor,
179 2493 280 2568 praellat
290 2503 393 2572 recepta
405 2493 501 2564 ledloJ
517 2513 583 2549 nam
633 2493 749 2550 disticho
767 2493 928 2570 complexus
945 2493 983 2572 est
996 2494 1121 2552 Ennius:
1135 2515 1139 2524 ·

110 2571 176 2628 bello
191 2573 374 2639 Macedonico,
387 2595 444 2651 quo
457 2573 583 2632 devidus
670 2572 754 2646 June,
777 2573 859 2649 Wsta,
881 2573 1018 2642 Minerva,
1040 2573 1126 2644 Ceres,

106 2652 140 2709 esl
151 2653 237 2722 Perses,
246 2665 275 2711 et
285 2675 341 2730 quo
351 2656 488 2732 praecipue
500 2652 585 2732 respi·
713 2654 814 2723 Diana,
831 2657 929 2722 Venus,
943 2658 1034 2725 Mars,

107 2735 254 2804 citNosler,
267 2736 437 2811 Tyndaridae
449 2735 585 2792 vitiorium
674 2735 829 2802 Mercurius,
861 2733 946 2808 Jovr',
981 2735 1126 2814 Neptunus,

108 2812 182 2871 cadem
195 2813 241 2884 de,
256 2835 310 2894 qua
330 2833 501 2881 recanere,
517 2835 586 2872 nun·
715 2815 856 2882 Volcanus,
868 2815 966 2892 Apollo.

108 2895 236 2953 licuerunt.
280 2897 372 2954 Verbo
385 2895 448 2952 sunt
463 2894 587 2953 Minucii
636 2896 677 2954 Id·
690 2896 824 2952 exhibent
847 2896 984 2970 Apuleius
1011 2895 1045 2951 de
1065 2896 1128 2954 Deo

110 2974 195 3034 Felicia
215 2977 242 3035 in
259 2975 367 3033 Oclar.
382 2996 444 3052 cap.
461 2971 510 3032 iii.
532 2977 588 3033 La·
636 2977 711 3032 Socr.
723 2993 788 3050 pag.
799 2975 868 3050 667.
882 2975 925 3032 ed.
935 2977 997 3032 Par.
1008 2984 1036 3032 et
1046 2976 1128 3033 Mar·

111 3054 177 3113 tinus
189 3058 316 3120 Pacatus,
327 3057 394 3115 Pan.
406 3057 455 3114 rii.
470 3075 530 3133 cap.
539 3073 588 3132 39.
637 3056 732 3111 tianus
749 3055 874 3132 Capella,
893 3055 942 3111 lib.
957 3055 976 3112 i.
997 3075 1062 3132 pag.
1080 3073 1129 3117 ιι.

110 3153 137 3207 4.
156 3137 287 3196 Credidere
296 3136 402 3209 majores
415 3135 532 3215 Ccrstoras
541 3155 590 3211 ge·
638 3136 680 3192 ed.
695 3133 757 3193 Bas.

109 3217 185 3282 miros,
197 3216 344 3275 albentibus
356 3218 424 3294 equis
444 3230 468 3273 et
477 3215 591 3290 stellatis
680 3217 832 3288 ‘Quum
864 3213 1063 3290 demonstrantur
1084 3217 1131 3292 sc·

110 3297 211 3374 apicibus
229 3299 349 3375 magnes,
367 3297 500 3375 pulverem
521 3315 592 3352 cirro-
637 3293 845 3374 pulcbra-quae
862 3298 1010 3354 traduntur
1030 3295 1131 3372 myste-

110 3375 595 3536 {Ithlh‘llltt'tfftallfft
642 3373 1133 3534 {thltltt.lt.‘¹tttt.hhiss

114 3549 135 3592 et
152 3538 325 3597 Iururnraa
344 3537 471 3595 militiam.
512 3536 597 3594 Hisce
645 3537 679 3593 cle
698 3555 754 3611 quo
767 3537 815 3593 srbi
827 3535 1036 3612 disquirendum
1051 3547 1134 3612 puta·

113 3616 248 3678 suebant
262 3618 407 3694 scriptores
420 3636 490 3694 quoe
502 3617 598 3674 laudat
646 3617 688 3672 vit
706 3616 885 3673 Gulielmius.
924 3617 975 3674 Sed
994 3636 1050 3674 non
1064 3635 1135 3693 opuu

113 3697 190 3757 Joan.
221 3697 428 3758 Freinshemius
461 3697 496 3756 ad
524 3696 598 3754 Flori
646 3697 684 3753 est
711 3707 744 3753 ut
770 3699 800 3754 in
822 3699 894 3754 hane
919 3697 1136 3772 disquisitionem

91 3810 93 3818 ι
112 3777 157 3834 lib.
172 3779 200 3836 ii.
212 3799 280 3856 cap.
296 3797 341 3836 12.
648 3777 772 3834 multum
792 3778 925 3854 temporis
947 3776 1137 3846 absumamus,

147 3854 388 3916 effloruere-a
410 3858 516 3926 Graecis,
531 3857 600 3914 Ma·
647 3876 713 3914 curn
740 3858 840 3934 reliqui
867 3858 972 3914 codices
993 3856 1137 3931 vulgatam

113 3951 222 3997 tuta-a
231 3936 336 4012 offrir]
349 3937 483 4001 Similiter
491 3939 600 3996 Roma·
648 3937 795 3995 leblionem
810 3947 989 4004 tueantur,ac
1003 3936 1139 4015 iteserip·

112 4038 156 4076 noe
169 4014 328 4076 Λευκοθέαν
343 4011 484 4076 Ματὲταν
501 4011 600 4094 ἀνομί-
651 4016 705 4074 sisse
719 4018 881 4074 Ciceronem
901 4018 1010 4074 abunde
1021 4017 1139 4075 doceant

115 4097 161 4174 ζειν
174 4100 295 4158 testatur
304 4096 474 4162 Plutarchus,
483 4099 517 4154 de
528 4097 551 4154 F
552 4105 603 4154 rat.
652 4097 827 4164 Laetantiue,
835 4098 902 4153 Div.
915 4097 980 4155 Inst.
989 4097 1039 4155 lib.
1048 4099 1068 4155 i.
1076 4117 1140 4172 cap.

113 4181 211 4236 Amor.
230 4187 301 4234 tom.
318 4177 348 4233 ii.
363 4197 392 4254 p.
408 4178 604 4252 492.ed.1³ar.
657 4193 703 4253 15.
716 4188 745 4233 et
755 4177 931 4252 Augustinus
949 4178 984 4236 de
1003 4174 1087 4236 Cous.
1101 4179 1141 4234 E·

114 4258 156 4316 Sie
169 4259 246 4318 inter
258 4257 434 4329 alioa‚etiam
449 4258 557 4316 Servius
571 4257 606 4315 ad
654 4275 739 4333 uang.
753 4255 804 4318 lib.
817 4257 837 4318 i.
856 4277 918 4336 cap.
934 4275 981 4333 ²3·
1001 4258 1049 4316 ubi
1068 4253 1143 4336 ῥῆσις
