2817 4859
263 351 327 430 ,24
482 330 678 408 uus'cu'u.
702 333 1097 406 unru‘rnurouuu

267 507 414 610 posuisti
430 509 582 580 altennn
597 504 698 578 alteri
716 504 938 604 consequens
952 503 1035 593 esse,
1053 519 1107 596 ut,
1123 503 1297 602 quemad:

253 611 420 682 modum
443 607 471 678 fi
498 608 598 704 quod
621 606 811 678 honestum
826 605 884 690 fit,
900 602 938 677 id
957 603 1071 678 solum
1087 602 1132 676 fit
1147 603 1301 692 bonurn,

268 706 436 804 sequatur
452 705 565 778 vitam
580 706 721 778 beatam
748 703 880 776 virtute
905 702 1065 776 confici:
1092 701 1202 787 fic‚s1
1227 701 1303 776 vita

269 800 374 879 beata.
389 803 427 876 in
443 805 575 877 virtute
602 803 658 889 fir,
676 803 779 875 nihil·
793 802 862 876 esse
880 800 944 874 nifi
963 799 1130 900 uirtutem
1149 803 1302 876 bonum.

270 907 343 978 sed
369 905 500 977 Brutus
523 921 620 988 tuus,
650 903 798 975 audiore
823 901 1016 974 ²Aristone
1042 919 1078 973 et
1101 899 1303 989 Antiocho,

271 1029 346 1078 non
364 1003 469 1076 sentit
486 1003 579 1074 hoc:
607 1019 711 1098 putat
727 1001 837 1090 enim,
852 999 987 1073 etiarnsi
1002 999 1047 1073 fit
1072 1001 1211 1072 bonum
1236 999 1303 1072 ali-

270 1105 371 1202 quod
398 1118 526 1200 praeter
554 1101 736 1174 virtutem.
787 1101 847 1172 M.
876 1097 977 1172 Quid
1007 1097 1145 1198 igitur?
1177 1111 1304 1180 contra¹

270 1203 468 1276 Brutumne
494 1223 552 1272 me
578 1199 763 1272 didtururn
791 1199 923 1298 putas?
975 1197 1023 1272 A.
1048 1197 1110 1270 Tu
1137 1221 1234 1286 vero,
1261 1215 1305 1270 ut

268 1301 437 1374 videtur:
465 1323 548 1371 narn
573 1296 752 1397 praefinire
776 1323 848 1371 non
867 1299 919 1371 est
935 1321 1069 1371 meum.
1120 1294 1180 1369 M.
1199 1295 1305 1370 Quid

269 1397 402 1496 cuique
435 1397 547 1495 igitur
577 1397 855 1470 consentaneum
886 1396 943 1483 fit,
973 1395 1044 1469 alio
1074 1395 1181 1468 loco:
1218 1421 1304 1475 narn

268 1497 336 1572 ista
359 1495 450 1570 mihi
475 1515 512 1570 et
536 1521 620 1569 curn
638 1495 824 1569 Antiocho
849 1496 955 1594 saepe,
970 1513 1008 1567 et
1030 1519 1115 1568 cum
1133 1491 1303 1568 Aristone

269 1620 397 1693 nuper,
424 1621 510 1669 curn
536 1593 688 1670 Athenis
718 1593 909 1706 imperator
937 1596 1032 1692 apud
1064 1617 1147 1666 eum
1174 1593 1304 1667 dever-

269 1696 374 1786 sarer‚
389 1694 555 1766 dissensio
569 1693 662 1768 fuit:
688 1693 780 1766 mihi
795 1694 893 1782 enirn
909 1717 981 1766 non
998 1692 1188 1766 videbatur
1205 1693 1306 1792 quis-

270 1820 381 1892 quam
407 1794 477 1866 effe
505 1794 628 1866 beatus
655 1792 768 1892 posse,
793 1816 879 1867 cum
906 1789 945 1864 in
970 1792 1072 1866 malis
1096 1791 1211 1864 esset:
1240 1791 1305 1866 bin

271 1994 276 2004 ¹
308 2044 474 2103 ‘Aristone
496 2055 522 2102 ct
543 2041 678 2120 Antiocho]
713 2044 762 2102 Sic
809 2041 1306 2122 p.972.xvii.p.1139.ed.Amst.

267 2125 364 2202 paullo
378 2126 457 2201 post:
482 2124 549 2182 Cum
564 2125 692 2182 Aristone
712 2143 760 2181 uu·
808 2135 837 2183 et
857 2125 1013 2202 Diogenem
1035 2124 1190 2192 Laenium,
1211 2143 1240 2181 v.
1256 2125 1305 2198 64.

262 2204 534 2284 ptr-drffmstosuit.
565 2205 652 2262 Leon.
665 2217 761 2263 autern
808 2205 853 2264 De
883 2209 935 2264 hoc
967 2205 1164 2282 inteiligendus
1191 2203 1307 2263 videtur

267 2285 430 2363 Malaspina
448 2295 476 2342 et
497 2285 536 2342 D.
550 2285 706 2342 Lambinus
726 2307 759 2342 u·
809 2287 953 2354 AElianuu,
967 2287 1006 2345 V.
1021 2287 1062 2344 H.
1084 2286 1132 2342 vii.
1156 2301 1204 2344 21.
1245 2281 1306 2344 ode

268 2366 398 2442 trobique
411 2373 559 2442 reponunt,
570 2365 663 2442 Arsso.
687 2367 759 2425 Sane
810 2361 922 2442 ἅπηξὶου
937 2369 1059 2446 Καῖσαρ,
1073 2365 1177 2442 inquit,
1191 2365 1236 2425 ἐπὶ
1251 2360 1305 2433 ταὶς

267 2447 369 2503 Cicero
388 2446 418 2504 in
439 2447 537 2514 Bruto,
550 2465 613 2523 cap.
625 2440 673 2524 9'7.
716 2447 759 2506 A·
808 2450 1031 2505 ΑΡΙΣΤΩΝΟΣ
1068 2442 1158 2525 θύρας
1193 2446 1304 2526 putruit.

266 2526 364 2584 ristum
380 2535 460 2582 vocat
473 2525 588 2601 hospitem
600 2539 626 2582 et
632 2525 758 2598 familia·
808 2527 887 2585 Nam
902 2528 962 2604 Jao.
977 2527 1136 2585 Perizonius
1150 2527 1185 2584 de
1197 2527 1305 2585 Antio·

216 2619 225 2629 ·
249 2624 320 2661 ¹rem
331 2604 431 2681 strum
452 2623 486 2662 ac
506 2606 555 2663 lib.
569 2625 597 2662 t.
617 2608 653 2663 ad
667 2607 758 2666 Attio.
807 2607 853 2665 chi
883 2607 968 2666 smtre
994 2607 1088 2665 minus
1117 2607 1190 2665 rede
1218 2609 1304 2685 oepit,

267 2684 356 2759 Epist.
377 2701 423 2742 10.
437 2695 531 2742 monet
552 2684 578 2742 se
597 2686 672 2762 apud
691 2706 758 2746 eum
807 2705 892 2764 quem
921 2689 1021 2746 Cicero
1048 2705 1104 2744 non
1127 2687 1303 2758 Aristonem,

267 2761 357 2820 fuisse.
388 2764 477 2830 Idem,
493 2765 581 2821 Acad.
597 2765 616 2822 i.
631 2784 661 2838 3.
686 2767 758 2825 Bru·
805 2767 851 2825 sed
874 2769 999 2826 Aristum
1028 2767 1136 2845 semper
1160 2769 1303 2828 nominat.

266 2853 314 2900 tus
330 2861 470 2901 nurerum
486 2843 593 2901 Athenis
607 2843 713 2903 audivit
725 2867 756 2904 a·
806 2847 894 2915 Hinc,
922 2849 1012 2908 Acad.
1040 2847 1088 2906 lib.
1118 2848 1149 2907 ii.
1180 2867 1247 2926 cap.
1273 2869 1303 2924 4.

267 2922 413 3001 dquondr'u,
434 2923 507 2997 cujus
527 2939 556 2981 ru
566 2926 684 3000 fratrem
697 2930 757 2985 An·
808 2927 869 2986 Com
887 2929 954 2988 iures
973 2928 1034 2998 dies,
1052 2927 1168 2987 adhibito
1180 2929 1305 2988 Heracli·

265 3001 384 3061 tiochum.
417 3006 524 3062 lterum
543 3007 578 3062 de
594 3006 656 3065 Fin.
676 3028 703 3065 v.
726 3027 755 3081 3.
805 3021 841 3076 to,
873 3010 979 3086 odisee
997 3007 1207 3088 compluribus&
1222 3011 1252 3068 in
1265 3011 1303 3069 bie

264 3083 402 3159 nntiochi
421 3084 586 3143 sententiam
606 3087 655 3143 tibi
670 3089 756 3162 (Bru·
805 3089 942 3147 Antiochi
963 3089 1048 3148 statne
1063 3089 1167 3156 Aristo,
1186 3104 1215 3148 et
1230 3109 1301 3170 pree-

265 3165 309 3234 to)
334 3165 378 3240 qui
395 3163 511 3238 fratrem
534 3165 589 3239 ήκω
613 3186 755 3228 euterun
805 3179 874 3226 terra
895 3170 1026 3228 Aristone
1051 3184 1074 3226 et
1095 3170 1189 3238 Dione,
1210 3171 1304 3250 quobus

254 3244 408 3319 frequenter
425 3244 546 3314 audiaris,
566 3247 678 3303 maxime
694 3265 756 3325 pro·
805 3249 848 3308 ille
865 3247 1006 3328 secundum
1024 3249 1140 3323 fratrem
1157 3249 1303 3328 plurinum

266 3321 355 3380 batam
368 3323 485 3399 existimo.
512 3325 649 3384 Antiochi
659 3337 755 3387 tamen
804 3328 945 3398 tribuebat,
957 3331 1066 3388 mustum
1082 3333 1200 3408 emporis
1221 3332 1250 3390 in
1269 3332 1303 3410 rs

265 3401 380 3460 fratrem
393 3399 532 3483 'Apisuua
547 3416 627 3463 vocat
645 3407 755 3466 Plutar-
804 3419 833 3467 ta
847 3429 901 3468 una
914 3410 1081 3490 disputatione
1100 3410 1302 3489 mensumpfimus.

264 3485 334 3540 chus
357 3484 388 3540 in
408 3484 506 3552 Bruto,
530 3505 594 3562 pag.
616 3488 685 3563 984.
711 3480 753 3548 ed.
804 3489 974 3549 Haecetiam
989 3492 1050 3550 loca
1070 3489 1189 3556 faciunt,
1203 3503 1239 3548 ut
1260 3493 1302 3550 ni-

143 3622 149 3636 *
266 3565 327 3620 Par.
350 3564 400 3620 ubi
414 3561 529 3643 ’Λριςον
550 3568 752 3628 rescribendum
803 3571 959 3638 triumviris
970 3573 1059 3640 libris,
1071 3571 1117 3628 hic
1127 3575 1301 3640 mutandum

264 3643 435 3714 censuerim
458 3647 552 3704 Aristo
571 3649 646 3705 eninr
661 3651 754 3726 philo·
803 3651 934 3710 statuam.

138 3770 144 3781 .
264 3722 365 3800 sophus
398 3735 457 3782 erat
488 3727 694 3802 Peripateticus,
723 3731 753 3788 in
811 3757 814 3762 ·
843 3728 910 3788 '’In
936 3730 1011 3788 malis
1031 3745 1118 3790 autem
1143 3731 1300 3810 sapientem

264 3803 323 3860 Ceo
338 3803 426 3862 insuia
446 3815 537 3872 natus,
549 3817 577 3863 et
598 3810 634 3864 ab
649 3811 753 3868 Antio·
801 3811 848 3891 effi
859 3811 939 3890 poffl]
964 3812 1165 3889 Subinteliigu
1177 3827 1301 3890 oportet,

263 3884 309 3938 chi
336 3884 420 3941 fratre
447 3887 666 3964 distinguendus,
701 3891 752 3966 qui
802 3889 865 3950 mihi
882 3890 1043 3964 videbam
1064 3895 1133 3950 adeo
1155 3903 1247 3953 ntea
1269 3897 1302 3953 fit

264 3961 317 4016 fuit
343 3966 510 4023 Ascalonita.
549 3969 621 4024 Vide
643 3969 752 4028 Plutar·
802 3973 855 4030 hoc
887 3973 918 4029 in
952 3974 1013 4029 loco
1048 3975 1183 4050 loquendi
1219 3969 1301 4044 ratio,

264 4041 347 4098 onum
363 4045 396 4100 de
412 4048 650 4127 Exfi1.png.6o5.
675 4051 752 4107 stra-
802 4071 888 4126 quam
903 4053 1062 4129 legitimam
1076 4053 1128 4110 esse
1147 4055 1299 4118 docuimus

263 4120 373 4188 bouem,
396 4124 445 4184 rin.
465 4147 492 4183 x.
516 4147 581 4205 pag.
603 4141 670 4206 745.
693 4131 751 4190 xiv,
801 4133 836 4189 nd
852 4130 964 4210 hujusce
984 4133 1048 4192 lib'ri
1069 4153 1130 4212 cap.
1153 4147 1183 4214 5.
1213 4139 1299 4208 Attr-

1102 4241 1105 4250 <
1221 4235 1297 4284 men,
