2817 4859
4 216 14 665 l

7 762 13 779 ,

377 353 534 418 cicun
565 355 854 420 sacunous.
900 381 905 388 ·
1081 380 1138 444 κιρ

141 513 258 584 Videte
271 513 411 613 cundia
431 514 699 614 tuquecaelesmm
713 517 797 586 sator
1083 491 1092 498 Ι

143 605 229 684 Jace,
242 601 386 682 obsecro,
402 624 434 665 in
449 625 577 666 movim
591 604 754 668 coruscam
767 603 919 670 fulminis.

143 689 250 768 Nunc,
266 709 355 752 nunc
369 685 516 752 dolorum
527 687 659 754 auxiferi
673 702 825 776 torquent
838 690 969 756 vertices
982 716 991 753 r

140 775 177 838 N
177 796 238 838 unc
251 772 349 860 serpit
360 771 465 836 ardor.
509 773 539 838 Ο
552 787 628 838 ante
639 773 782 838 viclrices
793 796 918 856 manus,

139 859 171 924 0
183 859 328 946 pedore,
341 877 363 922 o
377 869 478 943 terga,
492 879 514 922 o
527 857 719 924 lacertomm
731 859 812 925 tori!

138 945 293 1009 Vestrone
307 941 410 1030 pressu
422 943 585 1029 quondam
597 945 768 1009 Nemeaeus
780 945 833 1030 leo

139 1028 303 1094 Frendene
315 1027 430 1094 efflavit
442 1029 579 1116 graviter
592 1043 771 1096 extremum
785 1028 919 1094 halitum
934 1032 946 1093 l

140 1115 220 1178 Haec
235 1113 349 1178 dextra
364 1119 373 1156 ¹
384 1115 533 1195 Lernam,
546 1127 628 1179 tetra
640 1115 778 1180 mactata
790 1128 929 1194 excetra,

139 1199 277 1266 Placavit
291 1225 298 1263 :
322 1198 392 1263 haec
406 1199 605 1286 bicorporem
618 1200 727 1265 afflixit
739 1223 890 1266 manum:
932 1243 937 1252 ·
980 1226 1007 1248 ν

139 1283 383 1372 Erymanthiam
398 1284 466 1350 haec
483 1285 647 1350 vastisrcam
660 1285 776 1371 abjecit
788 1285 914 1349 beluam
928 1311 937 1348 ε

137 1371 218 1434 Haec
233 1392 253 1433 e
265 1369 416 1434 Tartarea
428 1370 589 1434 tenebrica
602 1371 790 1435 abstraclum
803 1371 898 1456 plaga

136 1456 166 1518 Τ
166 1454 324 1540 ricipitem
335 1454 445 1518 eduxit
460 1455 572 1542 Hydra
585 1467 774 1552 generatum
789 1479 926 1520 canem:
980 1479 988 1493 ·

137 1541 218 1604 Haec
233 1539 397 1604 interemit
410 1554 498 1604 tortu
511 1540 745 1626 multiplicabili

137 1625 334 1705 Draconem,
349 1623 516 1690 auriferam
528 1635 542 1677 ⁸
553 1627 669 1690 obtutu
683 1627 899 1692 observantem
912 1626 1068 1693 arborem.

137 1709 246 1774 Multa
261 1708 323 1774 alia
337 1709 446 1774 victrix
462 1711 563 1774 nostra
577 1711 714 1775 lustravit
727 1733 852 1789 manus,

135 1797 207 1860 Noc
220 1795 386 1882 quisquam
401 1817 419 1860 e
432 1795 541 1860 nostris
556 1796 653 1884 spolia
666 1797 753 1884 cepit
767 1795 924 1861 laudibus.

99 1931 329 2006 Possumusne
344 1957 410 2008 nos
435 1948 663 2006 contemnere
689 1935 875 2018 dolorem;
902 1959 986 2008 cum
1012 1924 1146 2034 ipsum‘¹>

96 2031 293 2106 Herculem
310 2049 384 2104 tarn
401 2033 629 2105 intoleranter
647 2033 768 2105 dolere
787 2032 997 2107 videamus?

142 2132 211 2207 lX.
252 2131 383 2205 Veniat
416 2131 613 2229 AEschylus
656 2157 729 2204 non
765 2150 871 2230 poeta
904 2134 1030 2224 solum,
1067 2135 1127 2208 sed

95 2229 202 2304 etiam
235 2229 506 2328 Pythagoreus:
546 2234 590 2302 fic
622 2231 719 2303 enim
752 2233 966 2328 accepimus.
1020 2235 1126 2306 Quo-

92 2331 205 2401 modo
222 2327 325 2402 lerta
348 2333 398 2402 ud
425 2353 508 2402 eum
535 2329 768 2403 Prometheus
784 2332 973 2404 dolorem?
1017 2357 1126 2426 quem

90 2427 234 2526 excipit
251 2428 298 2500 ob
316 2355 449 2528 liirrum
467 2427 672 2513 lemnium,

134 2572 151 2613 ¹²
165 2573 260 2642 Unde
272 2575 363 2666 ignea
377 2576 465 2642 cluet
478 2574 710 2642 immortalibus

129 2812 139 2852 5
158 2819 280 2888 Lam,
294 2828 363 2874 tetre
382 2815 497 2874 madata
510 2833 582 2872 excr-
632 2813 695 2872 sunt
717 2814 819 2884 versus,
837 2823 866 2872 et
890 2833 985 2872 eorum
1010 2815 1124 2889 quidem

91 2909 143 2962 tra,
165 2895 302 2972 Placavit]
331 2895 376 2955 Sic
401 2896 474 2972 neg.
502 2895 581 2954 Med.
631 2895 802 2972 principium
818 2897 852 2952 lic
865 2897 952 2952 exstat
966 2896 1041 2971 apud
1051 2897 1124 2951 Var-

93 2977 225 3036 elEliens.
236 2997 278 3055 pr.
303 2977 409 3052 Vulgo,
424 2976 582 3034 [amamu-
632 2995 738 3044 ronem,
757 2977 805 3032 lib.
824 2975 873 3032 rii.
888 2975 923 3034 L.
939 2977 973 3032 L.
995 2993 1059 3050 pag.
1074 2975 1125 3050 67.

91 3070 169 3115 tram
202 3057 289 3126 Male,
305 3067 339 3116 nt
352 3057 481 3114 viditur.
497 3058 583 3114 Rent·
635 3053 1125 3132 UndcignercluermortalibusDIvis.

90 3137 168 3198 leina.
195 3138 295 3198 Forsan
321 3138 407 3196 etiam
433 3137 581 3213 legendum
631 3137 687 3214 Jos.
702 3137 817 3212 quidem
831 3135 963 3212 Scaliger,
977 3136 1082 3212 Castig.
1094 3157 1124 3212 p.

85 3219 203 3296 pacavit,
211 3231 243 3280 ut
251 3219 328 3296 apud
338 3217 500 3294 Virgilium,
509 3218 581 3278 AEn.
635 3235 700 3290 ¹03·
715 3219 751 3276 ad
766 3217 955 3294 Anapaellicos
973 3219 1027 3275 hoc
1040 3217 1125 3298 modo

90 3299 206 3375 vidcg.
227 3300 290 3358 Pari
302 3300 513 3376 modopacatum
524 3317 581 3354 na·
632 3299 757 3356 reducit:
1119 3343 1123 3358 .

89 3381 165 3438 rede
187 3381 304 3440 Oceano
324 3379 500 3458 pradonibus
524 3397 580 3436 non
709 3377 834 3436 -Undt
845 3377 917 3455 ignes
929 3377 1079 3436 mortadbus
1160 3440 1163 3448 ,

90 3459 183 3518 infesto
207 3463 282 3520 dixit
307 3461 454 3530 Horatius,
478 3459 526 3516 lib.
542 3459 581 3520 ir.
671 3460 775 3539 Diviffe
783 3460 849 3518 cluet
859 3455 941 3518 docla'
950 3457 1123 3527 Prometheus,

89 3541 285 3619 od.5.1.19.
672 3539 785 3619 Clepſsffl
797 3539 861 3604 dolo.
892 3539 1087 3617 oenasqchovi

124 3631 140 3670 ⁸
157 3622 261 3682 Obruta
268 3619 474 3696 observantem]
490 3621 579 3699 Multi
670 3620 735 3678 Fato
747 3617 850 3699 expendi
871 3620 1015 3698 estcpremo.

86 3703 191 3762 codicee
223 3703 412 3781 arlirvanum,
437 3701 513 3780 quod
546 3721 580 3760 ex
630 3698 717 3780 Hunc
725 3701 848 3760 Heroem
857 3701 982 3777 sequitur
992 3701 1028 3757 D.
1036 3699 1122 3756 Lam·

85 3783 247 3858 glossemate
257 3793 357 3844 nalum
366 3784 483 3842 videtur.
509 3781 581 3840 Vide
629 3779 722 3860 binus.
756 3780 858 3840 Oblav.
872 3793 965 3841 autem
985 3782 1123 3854 Pantaga⁴

86 3883 147 3938 quac
157 3865 289 3924 diximus
303 3865 339 3922 ad
348 3863 466 3922 Caesaria
476 3864 526 3922 lib.
537 3863 580 3922 iii.
630 3863 695 3920 thus
710 3861 795 3921 miroe
808 3883 842 3921 ex
857 3863 891 3920 iia
906 3863 1018 3920 samber
1031 3859 1120 3918 facit:

85 3941 120 4002 B.
131 3945 167 4004 C.
182 3963 209 4004 c.
225 3947 275 4004 28.
671 3942 790 4003 Dolorem
804 3963 876 4021 quem
891 3941 998 4021 percipit
1010 3939 1041 3998 ob
1053 3940 1122 4015 sur·

126 4021 236 4086 *urm
256 4027 328 4104 ignes
348 4023 415 4084 clue
435 4023 583 4084 annalibus
711 4037 766 4082 tum
780 4024 914 4080 samnium
1234 4039 1239 4048 ·

84 4101 154 4160 clau
175 4103 245 4164 divis
266 4104 464 4164 dadas-furti
490 4121 582 4184 apen·
675 4101 894 4180 Undeignisluut
903 4101 1124 4164 mortalibn'clam

83 4182 293 4264 dfflsupmo]
315 4183 360 4248 Hi
382 4185 582 4264 proculdubio
711 4183 829 4244 adnue

669 4281 690 4322 x
1042 4268 1125 4328 ,Eum
