2817 4859
438 359 596 429 LIBER
622 358 866 430 TBR'HU'B.
935 356 953 369 ’”
1109 370 1172 449 ayt

130 550 223 629 ergo
252 550 274 603 a
299 526 465 627 Sapienter
497 520 688 625 egritudo.
736 524 860 602 ¹llaec
891 518 918 600 ¹sr
946 526 1165 613 dicuutura

1 690 2 717 ,
132 628 267 705 Stoicis
293 629 630 723 concludunturque
655 626 878 710 contortiurr
907 646 944 701 et
969 628 1073 702 latiur
1099 630 1163 702 ali*

1 765 2 824 l
128 744 270 825 quanto
294 727 446 800 dicenda
471 727 552 799 sunt
574 742 612 797 et
633 724 820 812 diffufiutt
848 726 1028 801 sententiis
1044 744 1164 806 tamen

1 831 2 854 ¹
127 829 311 901 utendum
335 844 458 899 eorum
482 824 795 923 potiflimum,‘qui
822 824 976 898 maxime
1000 826 1097 917 forti,
1113 844 1164 918 et,

127 942 171 1000 ut
189 927 241 999 ita
255 925 388 1015 dicatu,
404 922 499 997 virili
514 942 665 996 utuntur
688 924 823 997 ratione
849 938 956 1021 arque
981 924 1161 999 sententia.

127 1024 231 1099 Nam
261 1022 500 1121 Peripatetici,
530 1021 718 1094 familiares
745 1022 876 1107 nostri;
910 1022 1041 1119 quibua
1074 1021 1163 1099 nihil

1 1201 2 1212 ¹
128 1124 183 1197 est
208 1123 366 1206 uberius,
384 1121 475 1194 nihil
500 1120 686 1204 eruditius,
716 1116 806 1194 nihil
833 1124 997 1219 gravium
1026 1122 1164 1196 medio·

129 1220 277 1295 critares
301 1223 358 1294 vel
384 1218 705 1317 perturbationum,
724 1221 780 1292 rel
804 1222 1012 1293 morborum
1038 1220 1162 1311 animi,

128 1319 222 1392 mihi
239 1336 312 1392 non
330 1321 409 1391 sune
425 1320 589 1417 probant.
640 1318 760 1391 Omne
778 1318 873 1391 eninr
891 1320 1038 1408 malum,
1055 1320 1162 1394 etiam

128 1419 328 1505 mediocre,
351 1440 522 1516 magnum
547 1418 621 1490 este
649 1439 713 1489 nos
742 1434 861 1490 autem
889 1416 927 1491 id
948 1418 1099 1516 agimus,
1122 1432 1163 1495 ut

129 1517 168 1591 id
184 1520 225 1591 in
244 1517 411 1614 Sapiente
429 1517 568 1588 nullum
584 1516 628 1587 stt
644 1515 803 1591 omnino.
846 1516 943 1589 Nam
960 1536 1001 1589 ur
1019 1538 1162 1617 corpur,

130 1614 287 1689 etiamst
304 1614 533 1688 mediocriter
548 1638 684 1713 aegrum
701 1617 765 1703 est,
784 1614 904 1687 sanum
922 1640 994 1689 non
1011 1618 1084 1690 est:
1112 1618 1161 1691 stc

128 1714 167 1787 in
200 1716 325 1787 animo
357 1712 423 1786 ista
436 1712 662 1787 mediocritas
700 1732 797 1787 caret
830 1710 986 1787 sanitate.
1038 1716 1163 1812 Itaque

128 1816 299 1911 preclare·
320 1811 444 1891 nostri.
460 1829 502 1884 ut
526 1810 595 1887 alia
620 1813 745 1891 multa.
764 1810 975 1897 molestiam,
993 1812 1162 1887 sollicitu-

131 1910 270 1997 dinem,
296 1935 480 2009 angorem,
506 1927 651 2009 propter
674 1908 946 1983 fimilitudinem
972 1928 1164 2009 corporum

131 2032 322 2109 aegrorum,
348 2008 601 2107 {egritudinem
626 2008 909 2083 nominaverunt.
969 2010 1056 2084 Hoc
1079 2034 1162 2109 pro*

131 2112 329 2207 petundum
346 2110 456 2182 verbo
473 2109 596 2182 Graeci
621 2128 766 2181 omnem
790 2108 901 2182 animi
925 2109 1163 2207 perturbatio-

131 2232 217 2281 nem
232 2210 437 2306 appellante
463 2226 596 2279 vocanr
610 2206 708 2280 enim
725 2211 835 2296 eduae,
851 2208 889 2279 id
913 2210 965 2281 est
981 2210 1161 2297 morbum,

132 2304 355 2419 quicumque
382 2306 432 2378 est
457 2324 576 2379 motus
593 2304 767 2378 inanimo
788 2302 978 2379 turbidus:
1006 2330 1068 2378 nos
1086 2332 1162 2381 me-

133 2406 218 2478 hus.
267 2402 390 2503 AEgris
415 2403 511 2477 enim
539 2400 749 2515 corporibus
777 2398 951 2477 simillima
974 2404 1081 2477 animi
1110 2408 1164 2479 est

133 2501 335 2601 aegritudo:
373 2520 410 2576 at
435 2528 508 2575 non
538 2502 662 2575 srmrlis
691 2501 932 2600 aegrotationis
959 2505 1010 2575 est
1035 2498 1162 2593 libido,

132 2627 206 2675 non
223 2603 456 2675 immoderata
467 2599 603 2689 laetitia‚
620 2626 701 2698 quae
717 2602 769 2673 est
786 2603 948 2699 voluptas
965 2599 1073 2675 animi
1089 2606 1164 2678 ela·

131 2718 220 2775 raet
237 2699 402 2801 gestiens.
455 2698 533 2798 Ipse
549 2701 654 2773 etiam
672 2716 789 2773 metus
807 2724 879 2772 non
898 2701 949 2773 est
966 2702 1082 2775 morbi
1100 2704 1162 2777 ad·

134 2802 285 2873 modum
318 2796 453 2887 fimilis,
488 2819 694 2897 quanquam
730 2797 933 2896 aegritudini
967 2802 1018 2873 est
1046 2800 1163 2874 finiti-

134 2912 237 2972 mus:
263 2898 346 2972 ised
379 2894 535 2996 proprie,
565 2917 607 2970 ut
638 2898 824 3067 aepporario
855 2896 891 2968 in
924 2920 1085 2996 corpore,
1116 2904 1162 2973 src

134 2996 311 3094 agritudo
328 2994 503 3068 inanimo
529 3020 659 3069 nomen
711 2996 793 3069 abet
818 3020 890 3067 non
916 2994 1115 3092 sejuneium
1140 3022 1162 3075 a

134 3095 268 3169 dolore.
320 3094 465 3167 Doloris
486 3092 597 3192 igitur
617 3094 723 3191 hujus
741 3092 842 3191 origo
860 3096 962 3167 nobis
979 3097 1162 3193 explican-
1256 3172 1258 3179 ,

132 3194 176 3266 da
191 3194 259 3278 est,
277 3192 314 3266 id
332 3195 395 3282 est,
411 3193 512 3265 causa
529 3192 688 3265 efficient
710 3191 957 3291 aegritudinem
976 3192 1011 3267 in
1029 3196 1161 3285 animo,

130 3309 189 3365 tan
219 3290 308 3365 uam
317 3292 588 3389 aegrotationem
607 3288 804 3389 incorpore
822 3318 831 3364 ε
860 3310 941 3365 nam
959 3311 999 3365 ut
1017 3294 1160 3385 medici,

132 3414 172 3463 ca
253 3392 370 3463 morbi
388 3390 544 3475 inventa,
561 3389 783 3463 curationem
800 3389 868 3461 effe
896 3388 1076 3465 inventam
1091 3418 1160 3490 pu-

131 3505 235 3562 tant:
262 3490 308 3561 src
336 3513 413 3579 nos,
440 3488 545 3561 causa
570 3486 794 3587 aegritudinia
824 3506 971 3586 reperta,
994 3488 1161 3589 medendi
1264 3512 1267 3521 ’

132 3587 340 3661 facultatem
357 3586 583 3698 reperiemus.
620 3586 623 3588 “

176 3685 262 3763 ΧΙ,,
278 3686 342 3759 Est
358 3685 468 3784 igitur
485 3685 587 3759 causa
602 3682 719 3758 omnis
735 3683 773 3755 in
789 3682 958 3782 opinione
976 3718 995 3773 3.
1013 3708 1079 3759 nec
1097 3708 1160 3759 ve·

166 3914 182 3955 ¹²
206 3916 278 3976 Haec
291 3916 310 3974 fi
324 3913 476 3973 dicuntur-a
491 3914 623 3973 Stoicis·-
672 3914 773 3991 giravit
788 3914 833 3974 Cl.
848 3914 1097 3975 Bentleiisolertia.
1156 3943 1161 3953 ⁴

133 3997 160 4053 et
172 3996 267 4070 latias]
289 3996 395 4072 Vulgo,
408 3996 466 4053 haec'
482 3993 517 4052 ric
531 3994 623 4052 dicun·
714 3994 722 4033 ¹
749 3996 804 4054 Sed
820 3997 1046 4073 proprie-nomen
1069 3996 1167 4075 habet}

134 4086 204 4136 rara
221 4076 399 4136 Stoicis-sed
416 4075 504 4133 latiur.
545 4076 623 4133 Prio-
673 4076 893 4134 Adducunrrtra
911 4076 1008 4135 Nonio
1029 4078 1058 4137 in
1077 4097 1163 4159 αξη·

133 4176 190 4214 rem
203 4158 391 4215 mutationem
406 4164 495 4214 ratam
516 4154 624 4213 faciunt
672 4156 747 4217 tario.

133 4237 206 4316 Rtg.
215 4247 245 4295 et
257 4238 399 4298 Pithoau.
412 4233 530 4295 nlteram
543 4253 625 4294 exce·
