2817 4859
328 409 388 471 ao
409 386 582 485 ausono.
600 410 936 474 urseuuarrouna
1100 432 1159 507 45³

123 586 275 667 Manutius
293 588 419 666 corrigit,
433 589 464 647 in
485 609 514 649 re
534 608 633 660 aseer,
647 600 680 649 ut
697 592 737 651 ad
753 592 849 653 nalum
869 592 938 651 illud
955 592 1097 665 referatur,
1112 594 1157 655 sed

125 666 196 763 qnid
209 695 271 745 tum
284 684 334 743 fiet
348 686 405 745 illie
418 687 704 763 sequentibus,fierent
720 688 825 767 peovffe
838 690 965 749 leviora?
1000 692 1083 751 Certe
1097 692 1156 753 dic·

123 793 187 841 tum
200 784 337 861 oportuit,
347 779 429 855 fieret
442 783 575 862 previsum
588 784 682 845 levius.
722 786 770 843 Tu
785 786 879 865 itaque
893 806 927 844 ex
943 798 991 846 tuo
1004 788 1096 847 codice
1111 790 1157 849 in·

125 881 195 957 signi
210 881 295 939 aliam
309 882 413 959 profers
427 879 585 955 lectionem,
597 881 629 941 Si
641 883 705 939 enin
719 882 746 939 in
758 902 785 941 re
799 902 886 941 unua
900 881 984 962 effent.
1012 887 1094 945 Certe
1108 898 1157 947 aut
1187 918 1190 931 ·

122 980 165 1039 ita
178 979 328 1057 legendum
340 981 391 1047 est,
402 989 453 1039 aut
464 981 558 1058 potius
572 980 654 1059 (quia
667 984 720 1039 hoc
735 981 960 1059 interpolatorem
978 982 1046 1057 olet)
1058 984 1154 1060 finnl-

123 1100 175 1161 que
189 1078 281 1155 jndice
301 1099 387 1139 uren
405 1100 480 1137 roua
495 1080 613 1157 opinionis
624 1079 682 1160 effe,
700 1100 749 1137 non
763 1096 874 1137 noreerae.
915 1080 966 1137 Sed
980 1080 1108 1147 estohoc,
1122 1094 1155 1139 ut

120 1178 221 1241 iubete
243 1178 314 1236 illud
334 1178 405 1235 mibi
425 1177 615 1245 certiffimum,
629 1196 686 1235 non
706 1176 855 1253 legendum
876 1175 902 1233 in
916 1196 960 1248 re;
982 1174 1026 1235 sed
1040 1178 1155 1257 dempta

121 1275 325 1352 praepofitione,
353 1274 387 1333 Sl
406 1276 471 1332 eruin
492 1293 533 1333 aa
559 1275 643 1353 pluit.
683 1274 729 1331 Ita
754 1273 852 1333 Cicero
872 1274 987 1351 ubique,
1010 1274 1154 1351 utsupra,
1221 1267 1224 1273 ¹

120 1372 204 1431 Tulc.
219 1372 251 1429 ii.
279 1373 319 1430 Re
328 1371 502 1449 fieccunbera
516 1392 564 1429 non
577 1370 714 1450 oportebat,
729 1369 815 1429 vobis
830 1370 1006 1448 gloriantem:
1028 1373 1063 1431 fic
1076 1372 1155 1442 alibi,

120 1470 183 1531 Non
204 1489 241 1537 re,
253 1467 306 1545 sed
326 1470 443 1547 opinione.
486 1468 553 1525 Toni
574 1489 612 1539 re,
636 1489 715 1549 quaen
735 1466 824 1527 verba
865 1468 925 1527 Non
945 1482 999 1527 lem
1019 1490 1056 1537 re,
1075 1490 1154 1549 poan

108 1565 168 1645 spe.
204 1566 360 1645 llleqreeton
373 1584 500 1645 requam
514 1564 589 1625 dieto.
631 1566 676 1625 Sic
691 1564 779 1627 liebus
792 1566 885 1623 eodem
900 1565 986 1635 sensu,
1005 1586 1154 1645 nunquam

123 1659 250 1723 inrelos.

158 1758 232 1835 Cap.
242 1757 301 1817 xvi.
315 1758 454 1827 Primum,
462 1756 532 1837 qaod
533 1757 599 1837 poffl
605 1757 717 1817 enideo
724 1757 769 1817 diu
778 1756 967 1835 cogitaverit]
982 1756 1076 1817 Codex
1087 1766 1154 1817 tuus

115 1856 198 1935 peiore
213 1865 244 1915 et
259 1855 395 1933 cogitavit.
430 1856 516 1915 Quod
533 1858 589 1915 fine
609 1857 696 1914 dubio
719 1855 896 1935 admiserim:
920 1874 985 1912 narn
1010 1852 1154 1930 sequentia

118 1955 172 2013 boc
185 1954 336 2032 postulant,
352 1953 454 2013 Deinde
466 1952 536 2033 qnod
547 1952 679 2030 intelligit,
692 1962 726 2035 et
734 1953 860 2029 Pplreno
872 1950 941 2031 qnod
951 1951 1033 2009 ono.

158 2052 231 2129 Cap.
244 2050 313 2111 xvii.
336 2051 392 2111 Cur
404 2050 471 2109 cedis
474 2052 606 2127 sortnnae,
619 2070 680 2129 quae
687 2049 828 2129 peooellere
839 2062 864 2107 le
871 2048 986 2127 forstean
993 2047 1114 2127 perunit,
1128 2062 1153 2107 et

33 2168 41 2177 ¹
113 2165 239 2229 pungere,
258 2168 307 2207 non
322 2148 415 2229 poterit
426 2162 492 2207 ceree
508 2148 578 2205 vires
590 2134 721 2225 ,ῥάψε
732 2146 766 2223 s’]
797 2147 930 2205 Restituia
950 2168 984 2205 ex
997 2147 1090 2205 codice
1103 2154 1153 2205 tuo

111 2242 218 2323 poterit,
231 2262 298 2301 cum
310 2254 393 2301 antea
406 2244 492 2319 uulgo
511 2242 628 2301 ferretur
635 2243 749 2321 potuerit
760 2252 788 2300 et
799 2242 891 2321 potuit.
932 2244 985 2301 Sed
998 2242 1075 2325 aliud
1089 2252 1152 2301 turn

116 2340 238 2399 restabat
255 2341 473 2407 emendandum,
491 2340 559 2416 Qua
572 2339 712 2417 pervellere
724 2349 749 2397 te
756 2337 872 2417 fafiton
886 2357 1033 2398 rorante.
1073 2340 1153 2401 Nam

114 2446 191 2494 oerte
204 2436 276 2494 illud
289 2436 403 2515 polonie
417 2436 490 2493 male
504 2436 605 2493 Latine
618 2435 665 2493 hic
677 2435 790 2493 dicitur.
831 2436 938 2493 Verum
953 2436 1009 2493 alia
1022 2437 1154 2495 emenda·

115 2530 203 2589 tiouia
222 2532 295 2589 ratio
313 2531 351 2587 est
370 2542 399 2587 et
420 2530 509 2588 verior
527 2539 556 2587 et
576 2530 739 2607 elegantior,
762 2530 817 2589 Cur
835 2529 901 2589 cedis
911 2530 1061 2605 fortuna?
1082 2552 1153 2611 quoe,

117 2648 162 2687 ur·
176 2628 319 2709 pervellere
338 2641 363 2685 ee
372 2628 488 2705 sorfieon
508 2628 630 2705 potuerit
649 2638 678 2685 et
691 2644 818 2709 pungere,
831 2642 880 2687 non
894 2628 979 2709 potuit
999 2642 1065 2687 ceree
1080 2630 1153 2689 vires

103 2730 247 2809 frangere.

157 2826 231 2885 Ibid.
254 2824 296 2883 Ne
308 2822 422 2900 Justilia
435 2822 538 2903 quiden
548 2824 619 2900 stne
638 2837 664 2882 le
674 2824 724 2900 pla
733 2822 836 2897 sonere,
849 2824 891 2881 cui
905 2822 1035 2881 minimum
1048 2822 1094 2903 effi
1106 2822 1151 2883 vi·

57 2948 60 2953 ·
113 2922 230 2983 deiurio
244 2922 292 2980 boc
305 2921 385 2997 causo
397 2920 503 2997 loqui]
525 2920 642 2977 Nollem
656 2928 683 2978 te
697 2920 742 2976 hic
756 2920 950 2987 Gabbaram,
971 2940 1077 2977 caecum
1092 2921 1150 2997 ple·

114 3038 238 3097 namque
251 3019 363 3085 ducem,
377 3028 438 3075 mm
452 3015 608 3095 improuide
621 3014 746 3073 secutum
761 3014 830 3087 elle3
853 3015 912 3093 qui,
925 3034 991 3073 cum
1006 3014 1036 3073 in
1050 3016 1151 3093 priori·

113 3120 168 3175 bua
190 3116 368 3183 editionibus,
389 3134 480 3190 neque
504 3112 585 3170 aliter
605 3112 634 3170 in
655 3112 797 3171 codicibus
821 3112 889 3181 tuis,
911 3112 983 3171 recle
1007 3114 1153 3173 haberetur

116 3228 208 3279 uoci,
222 3210 357 3269 Palatinis
377 3208 433 3266 suis
452 3207 585 3266 serviliter
598 3208 725 3266 addictus
738 3206 825 3266 edidit
839 3226 939 3265 uoaur
952 3232 961 3279 ς
983 3209 1050 3267 adeo
1070 3208 1151 3287 inep-

81 3302 84 3306 ’
113 3317 153 3375 te,
169 3318 201 3365 ut
216 3306 287 3365 nibil
302 3306 393 3384 snpra.
436 3304 517 3365 Quid
534 3304 622 3374 enirn,
636 3304 744 3362 obicem
762 3316 799 3371 te,
814 3304 851 3361 est
866 3302 946 3371 illud,
964 3305 1152 3379 Minimumql

112 3405 211 3485 lepoi?
241 3424 298 3480 quo
311 3404 423 3463 tandem
445 3400 524 3461 sensu
543 3405 703 3463 mininam?
735 3404 867 3463 hanccine
887 3402 1004 3460 scabiem
1021 3384 1151 3463 Ciceroni

112 3500 257 3562 affricani?
279 3514 309 3559 at
329 3502 360 3560 in
380 3502 467 3561 altera
487 3500 605 3561 lediione
625 3501 697 3559 nibil
717 3500 755 3557 est
775 3500 886 3558 salebrae
907 3508 956 3557 aut
969 3496 1152 3571 difficultatis,

113 3599 218 3659 Noster
237 3600 272 3657 de
292 3600 418 3671 Finibus,
433 3602 471 3659 iv.
496 3600 541 3659 Vel
559 3599 643 3679 plius
664 3598 824 3677 paullulum
844 3598 899 3655 loci
918 3598 989 3668 nili,
1002 3613 1032 3657 nt
1051 3598 1090 3658 lis
1109 3618 1151 3659 re·

101 3693 264 3783 sponderent,
277 3692 362 3753 dores.
391 3696 437 3756 Ita
450 3696 554 3773 pallini.

153 3791 226 3868 Cap.
241 3790 320 3848 xviii.
344 3790 460 3870 Hajnsne
473 3792 541 3850 vitae
553 3790 687 3870 proppilio
698 3802 725 3849 et
738 3788 857 3867 cogitatio
870 3802 918 3847 out
934 3787 1050 3867 leesten
1064 3786 1151 3849 leone

106 3890 212 3971 polerit,
232 3903 280 3947 oet
300 3890 425 3959 AEeton,
444 3890 475 3947 de
500 3910 558 3965 quo
576 3888 666 3971 paullo
685 3898 747 3946 onte
766 3884 837 3965 dixi]
861 3884 946 3963 Le'ge,
959 3886 990 3945 dc
1011 3904 1148 3949 aurbus:

109 4002 180 4049 nam
192 3988 228 4043 de
241 3997 361 4063 utroque
375 3988 448 4044 dixit
462 3986 553 4065 supra,
567 4004 630 4062 cap.
644 3986 696 4043 xii.

151 4083 228 4143 Ibid.
247 4082 662 4160 Qodfi‚.nlniriden1,ſsmul
678 4082 782 4140 antimus
800 4098 856 4137 cren
877 4099 904 4139 re
916 4078 1049 4153 concidit]
1072 4080 1150 4141 Mira

110 4179 158 4251 bic
182 4180 212 4244 in
233 4182 376 4241 codicibus
396 4169 533 4239 varietas:
559 4180 616 4249 Tu,
635 4171 756 4254 uestigiis
777 4186 969 4253 corruptarum
995 4176 1147 4241 lellionurn

640 4286 776 4364 οςβἱ
