2817 4859
243 375 304 436 140
459 351 1067 444 auscuumsroanrronun

241 543 315 607 nes,
339 514 391 591 illi
409 515 610 590 ¹¹studiosos
634 517 692 590 vel
719 516 838 615 potius
866 533 1024 589 amantes
1054 515 1187 590 doloris
1209 494 1288 615 apf-

287 621 398 702 llant3
426 641 491 690 nos
508 617 733 689 commodius
748 615 940 690 laboriosos
957 643 965 688 ι
993 617 1090 689 aliud
1107 617 1158 688 est
1174 616 1286 690 enim

238 641 411 802 liemare,
438 717 534 788 aliud
564 715 695 788 dolere.
748 717 785 787 Ο
812 718 1004 788 verbomm
1033 715 1135 814 inops
1162 715 1285 788 inter-

239 818 340 906 dum,
371 813 501 912 quibus
527 815 708 888 abundare
735 829 772 887 te
799 814 935 914 semper
956 833 1072 911 putas,
1098 813 1285 889 Graecia!

240 915 366 1001 Aliud,
389 913 548 1012 inquam,
573 915 624 986 est
647 915 781 1000 dolere,
805 912 903 987 aliud
928 914 1100 988 laborare.
1150 915 1286 987 ⁰Cum

238 1013 372 1088 varices
399 1015 607 1086 secabantur
632 1013 677 1086 C.
703 1011 839 1102 Mario,
854 1013 1040 1086 dolebat:
1070 1038 1156 1087 cum
1181 1013 1282 1086 aestu

240 1136 375 1213 magno
398 1113 553 1186 ducebat
574 1137 717 1209 agmen,
737 1113 932 1186 laborabat.
985 1112 1049 1185 Est
1073 1112 1167 1185 inter
1189 1112 1282 1185 haec

240 1215 407 1310 quaedam
423 1229 542 1284 tamen
557 1209 756 1284 similitudo
770 1243 781 1295 3
809 1212 1035 1284 consuetudo
1054 1211 1149 1284 enim
1170 1212 1285 1285 labo-

239 1337 319 1384 rum
359 1310 616 1410 perpessaonem
657 1311 824 1386 dolorum
858 1311 1027 1386 aefficiat
1063 1309 1282 1384 faciliorema

149 1491 156 1498 ,
240 1411 366 1507 ltaque
390 1409 456 1500 illi,
474 1409 536 1508 qui
555 1409 714 1484 Graeciae
737 1410 888 1483 formam
913 1408 1282 1507 rerumpublicarum

240 1510 431 1594 dederunt,
458 1533 608 1606 corpora
632 1514 810 1602 juvenum
837 1510 971 1584 firmari
1000 1512 1120 1583 labore
1146 1509 1279 1581 volue-

240 1623 350 1682 ru'nt:
376 1611 475 1705 quod
499 1607 686 1705 Spartiarae
709 1607 816 1680 etiam
844 1608 880 1681 in
899 1609 1062 1682 soeminas
1085 1607 1281 1680 transtule-

209 1785 211 1790 ,
240 1726 352 1794 nint3
377 1732 460 1804 quae
485 1706 621 1780 caeteris
647 1707 683 1780 in
701 1706 851 1780 urbibus
868 1708 1074 1782 molliffimo
1091 1707 1192 1780 cultu
1208 1730 1282 1802 pa-

194 1873 197 1882 .
241 1805 369 1883 rictum
388 1807 523 1880 umbris
541 1806 769 1880 occuluntur.
817 1806 875 1880 llli
893 1826 1013 1881 autem
1028 1807 1233 1896 voluerunt,

245 1955 249 1966 ·
281 1953 293 1990 ¹
317 1938 408 2002 Nihil
422 1939 536 2001 horum
550 1937 646 2001 limile
659 1935 713 2024 effi
727 1935 812 2022 apud
828 1939 977 2001 Lacaenas
992 1937 1149 2024 virgines:

282 2023 409 2110 Quibus
423 2023 526 2108 magis
541 2023 690 2108 palaeslm,
706 2025 838 2102 Eurota,
854 2023 910 2102 sol,
924 2023 1038 2110 pulvis,
1053 2021 1158 2102 labor,

283 2121 295 2150 ¹
315 2107 435 2172 Militia
450 2107 482 2172 in
497 2106 598 2172 studio
610 2107 664 2188 est,
680 2129 777 2194 quam
793 2107 937 2172 fertilitas
951 2110 1096 2173 barbara.

279 2339 295 2368 ¹¹
316 2324 452 2400 Studiffas,
468 2326 604 2405 palpatius
619 2339 734 2384 amantes
782 2335 835 2393 tas,
848 2327 877 2384 in
899 2327 982 2386 MSS.
996 2328 1069 2403 Reg.
1083 2327 1140 2384 Pet.
1155 2327 1225 2383 nat.
1249 2335 1284 2385 et

238 2410 343 2484 doloris]
364 2404 536 2474 Φιλοπόνους.
782 2408 884 2466 Eliens.
899 2417 963 2465 tert.
976 2408 1075 2464 diserte
1088 2406 1198 2483 legitur.

245 2547 251 2567 ‚
280 2502 293 2528 ⁰
317 2489 383 2549 Cara
403 2489 501 2546 varices
515 2483 673 2564 secabantur
699 2488 733 2544 C.
821 2488 959 2546 ‘Militia
979 2489 1007 2544 in
1023 2485 1111 2562 stadio
1127 2487 1170 2561 est,
1194 2505 1281 2565 qaam

241 2571 345 2644 illaria]
366 2569 491 2635 Varicea,
509 2577 623 2624 notante
638 2567 732 2644 Papia,
771 2568 902 2642 fertilitas
936 2567 1073 2638 labara]
1108 2567 1287 2625 Fmilitatem'

238 2653 304 2707 suut
318 2647 540 2705 tenaesutarutn.
579 2645 731 2703 Historiam
781 2645 843 2704 ἀντὶ
864 2647 913 2722 τῆς
932 2645 1112 2712 πολυτεκνίας
1129 2667 1278 2725 perperam

239 2729 456 2807 suppeditabunt
470 2726 570 2783 Noster
584 2725 657 2782 insta
669 2743 732 2803 cap.
781 2729 857 2805 capit
871 2729 968 2804 Joaeh.
983 2729 1170 2786 Camerarius.
1194 2730 1279 2786 Cum

241 2827 289 2868 at.
311 2809 428 2875 Plinius,
441 2807 481 2865 H.
496 2804 538 2864 N.
551 2806 601 2864 lib.
616 2807 655 2862 xi.
669 2823 732 2882 cap.
781 2809 913 2866 Turnebo
929 2809 1027 2866 malim
1045 2809 1144 2865 luxum
1165 2805 1211 2865 sau
1230 2827 1281 2864 re-

240 2905 288 2968 45.
303 2901 330 2948 et
344 2891 507 2948 Plutarchus
523 2887 554 2944 in
577 2887 680 2954 Matio,
702 2907 732 2964 p.
782 2907 844 2945 mm
857 2891 967 2966 copiam
980 2889 1143 2966 intelligere.
1170 2889 1282 2946 ltaSe·

241 2971 310 3045 408.
325 2973 369 3028 ed.
381 2972 441 3028 Par.
782 2970 886 3038 dalius,
898 2971 997 3028 Caum.
1011 2971 1049 3029 iv.
1068 2989 1112 3028 10.

280 3058 295 3096 Ρ
316 3049 426 3108 Efficiat
435 3042 598 3123 sarisam]
626 3047 735 3123 Vulgo,
861 3079 943 3096 --
957 3051 1002 3109 Sic
1014 3050 1087 3108 dives
1100 3051 1183 3129 opima

240 3129 325 3204 ficit.
360 3130 423 3187 Nos
443 3131 527 3188 MSS.
551 3129 622 3204 ch.
644 3139 673 3184 et
694 3129 734 3184 E·
822 3131 977 3189 Fertilitate
990 3145 1097 3188 tauma.

241 3211 318 3272 liens.
333 3219 397 3267 tert.
410 3209 565 3286 paruimus.
781 3211 885 3269 Minna
912 3231 986 3278 vem,
1015 3229 1081 3268 cum
1109 3207 1281 3270 laboriosam

280 3299 296 3340 ‘¹
316 3289 395 3348 Mhi!
406 3287 654 3362 horum—fartilitas
670 3287 732 3345 bar·
780 3293 909 3367 quamvis
918 3291 1142 3349 exercitationem
1151 3292 1280 3362 denota,

241 3367 322 3444 sara]
343 3369 444 3427 Versus
467 3369 530 3426 sunt
554 3389 588 3426 ex
612 3369 732 3444 antiquo
781 3373 827 3428 hic
841 3370 943 3439 εἰδικῶς
954 3373 1129 3429 venationem
1139 3370 1280 3448 poffitde-

240 3455 324 3512 Poeta
337 3450 466 3515 desumti,
482 3447 661 3525 quibussuoa
676 3467 730 3504 uu·
780 3461 889 3510 notare:
906 3472 984 3521 nam,
997 3455 1072 3529 quod
1086 3453 1127 3510 ait
1140 3451 1242 3510 Noster
1253 3454 1280 3510 l.
1405 3506 1406 3521 ,

211 3527 214 3536 “
239 3553 330 3592 merus
356 3533 391 3588 fic
418 3531 536 3588 reddidit
559 3527 615 3607 Jos.
644 3529 730 3586 Scali-
781 3533 812 3589 ii,
825 3533 867 3591 N.
882 3533 921 3590 D.
941 3551 1002 3610 cap.
1017 3534 1065 3605 64.
1087 3551 1228 3591 curamur
1244 3533 1281 3590 in

239 3635 306 3694 ger:
779 3612 898 3670 amana
921 3613 1158 3690 adfimilitudinm
1178 3613 1282 3670 bassim

279 3693 357 3756 naba
365 3689 627 3770 banamfimisaapad
638 3691 732 3748 maa·
779 3692 924 3770 dastiplinae.
955 3695 1100 3763 Horatitu,
1111 3695 1170 3752 Sat.
1181 3692 1233 3750 lib.
1243 3694 1277 3751 ii.

316 3794 364 3831 aas
377 3773 511 3849 virgines:
781 3775 839 3831 Sat.
854 3773 885 3830 ii.
899 3791 930 3850 9.

280 3855 362 3928 Queir
382 3853 459 3930 magi
473 3853 606 3930 palastra,
621 3851 732 3919 amaa,
860 3856 1140 3932 -laeparcmsadatas
1152 3872 1250 3931 equove

309 3935 361 4010 stis,
373 3931 558 4010 palvisdabos,
821 3934 918 4013 Laffias
943 3935 979 3992 ab
1000 3935 1134 4008 indomit03
1163 3934 1210 3992 val
1235 3935 1280 4011 (st

280 4013 384 4070 Militia
398 4011 518 4088 iastadt‘a
530 4015 574 4088 ass,
587 4012 731 4092 quamsec-
860 4015 977 4073 Romana
980 4017 1091 4092 fatigat

319 4093 399 4150 tilitas
412 4093 536 4152 barbara.
819 4094 962 4154 Mittam
989 4095 1118 4172 aessaasam
1143 4095 1275 4173 gracari)

240 4176 285 4234 Ac
301 4173 406 4232 Eurota
424 4175 549 4250 quidem,
568 4191 625 4232 uon
638 4173 731 4233 Eum·
848 4175 1054 4257 ,capuana
1203 4254 1226 4312 H

1153 4257 1203 4316 Ma
1224 4255 1275 4315 im
